%YAML 1.1
%TAG !u! tag:unity3d.com,2011:
--- !u!29 &1
OcclusionCullingSettings:
  m_ObjectHideFlags: 0
  serializedVersion: 2
  m_OcclusionBakeSettings:
    smallestOccluder: 5
    smallestHole: 0.25
    backfaceThreshold: 100
  m_SceneGUID: 00000000000000000000000000000000
  m_OcclusionCullingData: {fileID: 0}
--- !u!104 &2
RenderSettings:
  m_ObjectHideFlags: 0
  serializedVersion: 8
  m_Fog: 0
  m_FogColor: {r: 0.5, g: 0.5, b: 0.5, a: 1}
  m_FogMode: 3
  m_FogDensity: 0.01
  m_LinearFogStart: 0
  m_LinearFogEnd: 300
  m_AmbientSkyColor: {r: 0.212, g: 0.227, b: 0.259, a: 1}
  m_AmbientEquatorColor: {r: 0.114, g: 0.125, b: 0.133, a: 1}
  m_AmbientGroundColor: {r: 0.047, g: 0.043, b: 0.035, a: 1}
  m_AmbientIntensity: 1
  m_AmbientMode: 3
  m_SubtractiveShadowColor: {r: 0.42, g: 0.478, b: 0.627, a: 1}
  m_SkyboxMaterial: {fileID: 0}
  m_HaloStrength: 0.5
  m_FlareStrength: 1
  m_FlareFadeSpeed: 3
  m_HaloTexture: {fileID: 0}
  m_SpotCookie: {fileID: 10001, guid: 0000000000000000e000000000000000, type: 0}
  m_DefaultReflectionMode: 0
  m_DefaultReflectionResolution: 128
  m_ReflectionBounces: 1
  m_ReflectionIntensity: 1
  m_CustomReflection: {fileID: 0}
  m_Sun: {fileID: 0}
  m_IndirectSpecularColor: {r: 0, g: 0, b: 0, a: 1}
--- !u!157 &3
LightmapSettings:
  m_ObjectHideFlags: 0
  serializedVersion: 11
  m_GIWorkflowMode: 1
  m_GISettings:
    serializedVersion: 2
    m_BounceScale: 1
    m_IndirectOutputScale: 1
    m_AlbedoBoost: 1
    m_TemporalCoherenceThreshold: 1
    m_EnvironmentLightingMode: 0
    m_EnableBakedLightmaps: 0
    m_EnableRealtimeLightmaps: 0
  m_LightmapEditorSettings:
    serializedVersion: 9
    m_Resolution: 2
    m_BakeResolution: 40
    m_TextureWidth: 1024
    m_TextureHeight: 1024
    m_AO: 0
    m_AOMaxDistance: 1
    m_CompAOExponent: 1
    m_CompAOExponentDirect: 0
    m_Padding: 2
    m_LightmapParameters: {fileID: 0}
    m_LightmapsBakeMode: 1
    m_TextureCompression: 1
    m_FinalGather: 0
    m_FinalGatherFiltering: 1
    m_FinalGatherRayCount: 256
    m_ReflectionCompression: 2
    m_MixedBakeMode: 1
    m_BakeBackend: 0
    m_PVRSampling: 1
    m_PVRDirectSampleCount: 32
    m_PVRSampleCount: 500
    m_PVRBounces: 2
    m_PVRFiltering: 0
    m_PVRFilteringMode: 1
    m_PVRCulling: 1
    m_PVRFilteringGaussRadiusDirect: 1
    m_PVRFilteringGaussRadiusIndirect: 5
    m_PVRFilteringGaussRadiusAO: 2
    m_PVRFilteringAtrousColorSigma: 1
    m_PVRFilteringAtrousNormalSigma: 1
    m_PVRFilteringAtrousPositionSigma: 1
  m_LightingDataAsset: {fileID: 0}
  m_UseShadowmask: 0
--- !u!196 &4
NavMeshSettings:
  serializedVersion: 2
  m_ObjectHideFlags: 0
  m_BuildSettings:
    serializedVersion: 2
    agentTypeID: 0
    agentRadius: 0.5
    agentHeight: 2
    agentSlope: 45
    agentClimb: 0.4
    ledgeDropHeight: 0
    maxJumpAcrossDistance: 0
    minRegionArea: 2
    manualCellSize: 0
    cellSize: 0.16666667
    manualTileSize: 0
    tileSize: 256
    accuratePlacement: 0
  m_NavMeshData: {fileID: 0}
--- !u!1 &77041167
GameObject:
  m_ObjectHideFlags: 0
  m_PrefabParentObject: {fileID: 1255542827755064, guid: 38c0f840d1b37e049872bf70a667544f,
    type: 2}
  m_PrefabInternal: {fileID: 0}
  serializedVersion: 5
  m_Component:
  - component: {fileID: 77041168}
  - component: {fileID: 77041171}
  - component: {fileID: 77041170}
  - component: {fileID: 77041169}
  - component: {fileID: 77041172}
  m_Layer: 0
  m_Name: Wall0
  m_TagString: Wall
  m_Icon: {fileID: 0}
  m_NavMeshLayer: 0
  m_StaticEditorFlags: 0
  m_IsActive: 1
--- !u!4 &77041168
Transform:
  m_ObjectHideFlags: 0
  m_PrefabParentObject: {fileID: 4675223841911082, guid: 38c0f840d1b37e049872bf70a667544f,
    type: 2}
  m_PrefabInternal: {fileID: 0}
  m_GameObject: {fileID: 77041167}
  m_LocalRotation: {x: -0, y: -0, z: -0, w: 1}
  m_LocalPosition: {x: 2.9, y: 4.28, z: 0}
  m_LocalScale: {x: 1.46532, y: 0.5, z: 1}
  m_Children: []
  m_Father: {fileID: 1239632821}
  m_RootOrder: 0
  m_LocalEulerAnglesHint: {x: 0, y: 0, z: 0}
--- !u!61 &77041169
BoxCollider2D:
  m_ObjectHideFlags: 0
  m_PrefabParentObject: {fileID: 0}
  m_PrefabInternal: {fileID: 0}
  m_GameObject: {fileID: 77041167}
  m_Enabled: 1
  m_Density: 1
  m_Material: {fileID: 0}
  m_IsTrigger: 0
  m_UsedByEffector: 0
  m_UsedByComposite: 0
  m_Offset: {x: 0.013394237, y: -0.0120096505}
  m_SpriteTilingProperty:
    border: {x: 0, y: 0, z: 0, w: 0}
    pivot: {x: 0.5, y: 0.5}
    oldSize: {x: 7.55, y: 0.81}
    newSize: {x: 7.55, y: 0.81}
    adaptiveTilingThreshold: 0.5
    drawMode: 0
    adaptiveTiling: 0
  m_AutoTiling: 0
  serializedVersion: 2
  m_Size: {x: 7.183895, y: 0.42567617}
  m_EdgeRadius: 0
--- !u!50 &77041170
Rigidbody2D:
  serializedVersion: 4
  m_ObjectHideFlags: 0
  m_PrefabParentObject: {fileID: 50072953145986544, guid: 38c0f840d1b37e049872bf70a667544f,
    type: 2}
  m_PrefabInternal: {fileID: 0}
  m_GameObject: {fileID: 77041167}
  m_BodyType: 0
  m_Simulated: 1
  m_UseFullKinematicContacts: 0
  m_UseAutoMass: 0
  m_Mass: 9999
  m_LinearDrag: 0
  m_AngularDrag: 0.05
  m_GravityScale: 0
  m_Material: {fileID: 0}
  m_Interpolate: 0
  m_SleepingMode: 1
  m_CollisionDetection: 0
  m_Constraints: 0
--- !u!212 &77041171
SpriteRenderer:
  m_ObjectHideFlags: 0
  m_PrefabParentObject: {fileID: 212399945978012470, guid: 38c0f840d1b37e049872bf70a667544f,
    type: 2}
  m_PrefabInternal: {fileID: 0}
  m_GameObject: {fileID: 77041167}
  m_Enabled: 1
  m_CastShadows: 0
  m_ReceiveShadows: 0
  m_MotionVectors: 1
  m_LightProbeUsage: 1
  m_ReflectionProbeUsage: 1
  m_Materials:
  - {fileID: 10754, guid: 0000000000000000f000000000000000, type: 0}
  m_StaticBatchInfo:
    firstSubMesh: 0
    subMeshCount: 0
  m_StaticBatchRoot: {fileID: 0}
  m_ProbeAnchor: {fileID: 0}
  m_LightProbeVolumeOverride: {fileID: 0}
  m_ScaleInLightmap: 1
  m_PreserveUVs: 0
  m_IgnoreNormalsForChartDetection: 0
  m_ImportantGI: 0
  m_SelectedEditorRenderState: 0
  m_MinimumChartSize: 4
  m_AutoUVMaxDistance: 0.5
  m_AutoUVMaxAngle: 89
  m_LightmapParameters: {fileID: 0}
  m_SortingLayerID: -584505177
  m_SortingLayer: 1
  m_SortingOrder: 0
  m_Sprite: {fileID: 21300000, guid: 3215a2391e3868448b8ac31daa987ef4, type: 3}
  m_Color: {r: 1, g: 1, b: 1, a: 1}
  m_FlipX: 0
  m_FlipY: 0
  m_DrawMode: 0
  m_Size: {x: 7.55, y: 0.81}
  m_AdaptiveModeThreshold: 0.5
  m_SpriteTileMode: 0
  m_WasSpriteAssigned: 1
  m_MaskInteraction: 0
--- !u!114 &77041172
MonoBehaviour:
  m_ObjectHideFlags: 0
  m_PrefabParentObject: {fileID: 0}
  m_PrefabInternal: {fileID: 0}
  m_GameObject: {fileID: 77041167}
  m_Enabled: 1
  m_EditorHideFlags: 0
  m_Script: {fileID: 11500000, guid: 01b0989538c298b4dba7e08026ce8c2c, type: 3}
  m_Name: 
  m_EditorClassIdentifier: 
  sprites:
  - {fileID: 21300000, guid: 3215a2391e3868448b8ac31daa987ef4, type: 3}
  - {fileID: 21300000, guid: e4b17492dfe2b314ba02eafc7607d2a6, type: 3}
  shrinkScale: 0
  radius: 0
--- !u!1 &88230106
GameObject:
  m_ObjectHideFlags: 0
  m_PrefabParentObject: {fileID: 0}
  m_PrefabInternal: {fileID: 0}
  serializedVersion: 5
  m_Component:
  - component: {fileID: 88230107}
  m_Layer: 0
  m_Name: GameObjects
  m_TagString: Untagged
  m_Icon: {fileID: 0}
  m_NavMeshLayer: 0
  m_StaticEditorFlags: 0
  m_IsActive: 1
--- !u!4 &88230107
Transform:
  m_ObjectHideFlags: 0
  m_PrefabParentObject: {fileID: 0}
  m_PrefabInternal: {fileID: 0}
  m_GameObject: {fileID: 88230106}
  m_LocalRotation: {x: -0, y: -0, z: -0, w: 1}
  m_LocalPosition: {x: 0, y: 0, z: 10}
  m_LocalScale: {x: 1, y: 1, z: 1}
  m_Children:
  - {fileID: 144746980}
  - {fileID: 989954265}
  - {fileID: 1239632821}
  m_Father: {fileID: 0}
  m_RootOrder: 3
  m_LocalEulerAnglesHint: {x: 0, y: 0, z: 0}
--- !u!1 &144746979
GameObject:
  m_ObjectHideFlags: 0
  m_PrefabParentObject: {fileID: 0}
  m_PrefabInternal: {fileID: 0}
  serializedVersion: 5
  m_Component:
  - component: {fileID: 144746980}
  m_Layer: 0
  m_Name: Controller
  m_TagString: Untagged
  m_Icon: {fileID: 0}
  m_NavMeshLayer: 0
  m_StaticEditorFlags: 0
  m_IsActive: 1
--- !u!4 &144746980
Transform:
  m_ObjectHideFlags: 0
  m_PrefabParentObject: {fileID: 0}
  m_PrefabInternal: {fileID: 0}
  m_GameObject: {fileID: 144746979}
  m_LocalRotation: {x: -0, y: -0, z: -0, w: 1}
  m_LocalPosition: {x: 0, y: 0, z: 0}
  m_LocalScale: {x: 2, y: 2, z: 2}
  m_Children:
  - {fileID: 1962892895}
  - {fileID: 163392871}
  - {fileID: 148804509}
  m_Father: {fileID: 88230107}
  m_RootOrder: 0
  m_LocalEulerAnglesHint: {x: 0, y: 0, z: 0}
--- !u!1 &148804508
GameObject:
  m_ObjectHideFlags: 0
  m_PrefabParentObject: {fileID: 1822718634015720, guid: 7d5457a4347e40b45b94d03a1c00ef4b,
    type: 2}
  m_PrefabInternal: {fileID: 612826999}
  serializedVersion: 5
  m_Component:
  - component: {fileID: 148804509}
  - component: {fileID: 148804513}
  - component: {fileID: 148804512}
  - component: {fileID: 148804511}
  - component: {fileID: 148804510}
  m_Layer: 0
  m_Name: Sign
  m_TagString: Untagged
  m_Icon: {fileID: 0}
  m_NavMeshLayer: 0
  m_StaticEditorFlags: 0
  m_IsActive: 1
--- !u!4 &148804509
Transform:
  m_ObjectHideFlags: 0
  m_PrefabParentObject: {fileID: 4643836107866436, guid: 7d5457a4347e40b45b94d03a1c00ef4b,
    type: 2}
  m_PrefabInternal: {fileID: 612826999}
  m_GameObject: {fileID: 148804508}
  m_LocalRotation: {x: -0, y: -0, z: -0, w: 1}
  m_LocalPosition: {x: 0, y: 0, z: 0}
  m_LocalScale: {x: 0.6666667, y: 0.6666667, z: 0.6666667}
  m_Children: []
  m_Father: {fileID: 144746980}
  m_RootOrder: 2
  m_LocalEulerAnglesHint: {x: 0, y: 0, z: 0}
--- !u!95 &148804510
Animator:
  serializedVersion: 3
  m_ObjectHideFlags: 0
  m_PrefabParentObject: {fileID: 95117399277062910, guid: 7d5457a4347e40b45b94d03a1c00ef4b,
    type: 2}
  m_PrefabInternal: {fileID: 612826999}
  m_GameObject: {fileID: 148804508}
  m_Enabled: 1
  m_Avatar: {fileID: 0}
  m_Controller: {fileID: 9100000, guid: d3c0ccd56747f5143a7d2998347a22ec, type: 2}
  m_CullingMode: 0
  m_UpdateMode: 0
  m_ApplyRootMotion: 0
  m_LinearVelocityBlending: 0
  m_WarningMessage: 
  m_HasTransformHierarchy: 1
  m_AllowConstantClipSamplingOptimization: 1
--- !u!114 &148804511
MonoBehaviour:
  m_ObjectHideFlags: 0
  m_PrefabParentObject: {fileID: 114420800119823628, guid: 7d5457a4347e40b45b94d03a1c00ef4b,
    type: 2}
  m_PrefabInternal: {fileID: 612826999}
  m_GameObject: {fileID: 148804508}
  m_Enabled: 1
  m_EditorHideFlags: 0
  m_Script: {fileID: 11500000, guid: 35e42cab83ea7e94aa92e61c49bafef7, type: 3}
  m_Name: 
  m_EditorClassIdentifier: 
  sprites: []
  spriteIndex: 0
--- !u!58 &148804512
CircleCollider2D:
  m_ObjectHideFlags: 0
  m_PrefabParentObject: {fileID: 58345002688211890, guid: 7d5457a4347e40b45b94d03a1c00ef4b,
    type: 2}
  m_PrefabInternal: {fileID: 612826999}
  m_GameObject: {fileID: 148804508}
  m_Enabled: 1
  m_Density: 1
  m_Material: {fileID: 0}
  m_IsTrigger: 1
  m_UsedByEffector: 0
  m_UsedByComposite: 0
  m_Offset: {x: 0, y: 0}
  serializedVersion: 2
  m_Radius: 0.55
--- !u!212 &148804513
SpriteRenderer:
  m_ObjectHideFlags: 0
  m_PrefabParentObject: {fileID: 212165835402402584, guid: 7d5457a4347e40b45b94d03a1c00ef4b,
    type: 2}
  m_PrefabInternal: {fileID: 612826999}
  m_GameObject: {fileID: 148804508}
  m_Enabled: 1
  m_CastShadows: 0
  m_ReceiveShadows: 0
  m_MotionVectors: 1
  m_LightProbeUsage: 1
  m_ReflectionProbeUsage: 1
  m_Materials:
  - {fileID: 10754, guid: 0000000000000000f000000000000000, type: 0}
  m_StaticBatchInfo:
    firstSubMesh: 0
    subMeshCount: 0
  m_StaticBatchRoot: {fileID: 0}
  m_ProbeAnchor: {fileID: 0}
  m_LightProbeVolumeOverride: {fileID: 0}
  m_ScaleInLightmap: 1
  m_PreserveUVs: 0
  m_IgnoreNormalsForChartDetection: 0
  m_ImportantGI: 0
  m_SelectedEditorRenderState: 0
  m_MinimumChartSize: 4
  m_AutoUVMaxDistance: 0.5
  m_AutoUVMaxAngle: 89
  m_LightmapParameters: {fileID: 0}
  m_SortingLayerID: 612347639
  m_SortingLayer: 2
  m_SortingOrder: 2
  m_Sprite: {fileID: 21300000, guid: 0cfe15c6305bb46419d32de1d9d6a55a, type: 3}
  m_Color: {r: 1, g: 1, b: 1, a: 1}
  m_FlipX: 0
  m_FlipY: 0
  m_DrawMode: 0
  m_Size: {x: 19.2, y: 10.8}
  m_AdaptiveModeThreshold: 0.5
  m_SpriteTileMode: 0
  m_WasSpriteAssigned: 1
  m_MaskInteraction: 0
--- !u!1 &158343874
GameObject:
  m_ObjectHideFlags: 0
  m_PrefabParentObject: {fileID: 0}
  m_PrefabInternal: {fileID: 0}
  serializedVersion: 5
  m_Component:
  - component: {fileID: 158343879}
  - component: {fileID: 158343878}
  - component: {fileID: 158343877}
  - component: {fileID: 158343876}
  - component: {fileID: 158343875}
  m_Layer: 0
  m_Name: Main Camera
  m_TagString: MainCamera
  m_Icon: {fileID: 0}
  m_NavMeshLayer: 0
  m_StaticEditorFlags: 0
  m_IsActive: 1
--- !u!81 &158343875
AudioListener:
  m_ObjectHideFlags: 0
  m_PrefabParentObject: {fileID: 0}
  m_PrefabInternal: {fileID: 0}
  m_GameObject: {fileID: 158343874}
  m_Enabled: 1
--- !u!124 &158343876
Behaviour:
  m_ObjectHideFlags: 0
  m_PrefabParentObject: {fileID: 0}
  m_PrefabInternal: {fileID: 0}
  m_GameObject: {fileID: 158343874}
  m_Enabled: 1
--- !u!92 &158343877
Behaviour:
  m_ObjectHideFlags: 0
  m_PrefabParentObject: {fileID: 0}
  m_PrefabInternal: {fileID: 0}
  m_GameObject: {fileID: 158343874}
  m_Enabled: 1
--- !u!20 &158343878
Camera:
  m_ObjectHideFlags: 0
  m_PrefabParentObject: {fileID: 0}
  m_PrefabInternal: {fileID: 0}
  m_GameObject: {fileID: 158343874}
  m_Enabled: 1
  serializedVersion: 2
  m_ClearFlags: 1
  m_BackGroundColor: {r: 1, g: 1, b: 1, a: 1}
  m_NormalizedViewPortRect:
    serializedVersion: 2
    x: 0
    y: 0
    width: 1
    height: 1
  near clip plane: 0.3
  far clip plane: 1000
  field of view: 60
  orthographic: 1
  orthographic size: 5
  m_Depth: -1
  m_CullingMask:
    serializedVersion: 2
    m_Bits: 4294967295
  m_RenderingPath: -1
  m_TargetTexture: {fileID: 0}
  m_TargetDisplay: 0
  m_TargetEye: 3
  m_HDR: 0
  m_AllowMSAA: 1
  m_ForceIntoRT: 0
  m_OcclusionCulling: 1
  m_StereoConvergence: 10
  m_StereoSeparation: 0.022
  m_StereoMirrorMode: 0
--- !u!4 &158343879
Transform:
  m_ObjectHideFlags: 0
  m_PrefabParentObject: {fileID: 0}
  m_PrefabInternal: {fileID: 0}
  m_GameObject: {fileID: 158343874}
  m_LocalRotation: {x: 0, y: 0, z: 0, w: 1}
  m_LocalPosition: {x: 0, y: 0, z: 0}
  m_LocalScale: {x: 1, y: 1, z: 1}
  m_Children: []
  m_Father: {fileID: 0}
  m_RootOrder: 1
  m_LocalEulerAnglesHint: {x: 0, y: 0, z: 0}
--- !u!1 &163392869
GameObject:
  m_ObjectHideFlags: 0
  m_PrefabParentObject: {fileID: 1394616093613650, guid: 7d5457a4347e40b45b94d03a1c00ef4b,
    type: 2}
  m_PrefabInternal: {fileID: 0}
  serializedVersion: 5
  m_Component:
  - component: {fileID: 163392871}
  - component: {fileID: 163392870}
  - component: {fileID: 163392872}
  - component: {fileID: 163392873}
  - component: {fileID: 163392874}
  m_Layer: 0
  m_Name: Sign0
  m_TagString: Sign
  m_Icon: {fileID: 0}
  m_NavMeshLayer: 0
  m_StaticEditorFlags: 0
  m_IsActive: 1
--- !u!212 &163392870
SpriteRenderer:
  m_ObjectHideFlags: 0
  m_PrefabParentObject: {fileID: 212626015094490038, guid: 7d5457a4347e40b45b94d03a1c00ef4b,
    type: 2}
  m_PrefabInternal: {fileID: 0}
  m_GameObject: {fileID: 163392869}
  m_Enabled: 0
  m_CastShadows: 0
  m_ReceiveShadows: 0
  m_MotionVectors: 1
  m_LightProbeUsage: 1
  m_ReflectionProbeUsage: 1
  m_Materials:
  - {fileID: 10754, guid: 0000000000000000f000000000000000, type: 0}
  m_StaticBatchInfo:
    firstSubMesh: 0
    subMeshCount: 0
  m_StaticBatchRoot: {fileID: 0}
  m_ProbeAnchor: {fileID: 0}
  m_LightProbeVolumeOverride: {fileID: 0}
  m_ScaleInLightmap: 1
  m_PreserveUVs: 0
  m_IgnoreNormalsForChartDetection: 0
  m_ImportantGI: 0
  m_SelectedEditorRenderState: 0
  m_MinimumChartSize: 4
  m_AutoUVMaxDistance: 0.5
  m_AutoUVMaxAngle: 89
  m_LightmapParameters: {fileID: 0}
  m_SortingLayerID: 612347639
  m_SortingLayer: 2
  m_SortingOrder: 2
  m_Sprite: {fileID: 21300000, guid: 43d17375a32e5ab4fb428abf380de34f, type: 3}
  m_Color: {r: 1, g: 1, b: 1, a: 1}
  m_FlipX: 0
  m_FlipY: 0
  m_DrawMode: 0
  m_Size: {x: 0.9, y: 0.9}
  m_AdaptiveModeThreshold: 0.5
  m_SpriteTileMode: 0
  m_WasSpriteAssigned: 1
  m_MaskInteraction: 0
--- !u!4 &163392871
Transform:
  m_ObjectHideFlags: 0
  m_PrefabParentObject: {fileID: 4778501030145884, guid: 7d5457a4347e40b45b94d03a1c00ef4b,
    type: 2}
  m_PrefabInternal: {fileID: 0}
  m_GameObject: {fileID: 163392869}
  m_LocalRotation: {x: -0, y: -0, z: -0, w: 1}
  m_LocalPosition: {x: 0, y: 0, z: 0}
  m_LocalScale: {x: 1, y: 1, z: 1}
  m_Children: []
  m_Father: {fileID: 144746980}
  m_RootOrder: 1
  m_LocalEulerAnglesHint: {x: 0, y: 0, z: 0}
--- !u!114 &163392872
MonoBehaviour:
  m_ObjectHideFlags: 0
  m_PrefabParentObject: {fileID: 114175162122067418, guid: 7d5457a4347e40b45b94d03a1c00ef4b,
    type: 2}
  m_PrefabInternal: {fileID: 0}
  m_GameObject: {fileID: 163392869}
  m_Enabled: 1
  m_EditorHideFlags: 0
  m_Script: {fileID: 11500000, guid: 35e42cab83ea7e94aa92e61c49bafef7, type: 3}
  m_Name: 
  m_EditorClassIdentifier: 
  sprites:
  - {fileID: 21300000, guid: 43d17375a32e5ab4fb428abf380de34f, type: 3}
  - {fileID: 21300000, guid: 2c6059c4917c0154c8eed0c7b1a5566d, type: 3}
  spriteIndex: 0
--- !u!58 &163392873
CircleCollider2D:
  m_ObjectHideFlags: 0
  m_PrefabParentObject: {fileID: 58491397230775974, guid: 7d5457a4347e40b45b94d03a1c00ef4b,
    type: 2}
  m_PrefabInternal: {fileID: 0}
  m_GameObject: {fileID: 163392869}
  m_Enabled: 1
  m_Density: 1
  m_Material: {fileID: 0}
  m_IsTrigger: 1
  m_UsedByEffector: 0
  m_UsedByComposite: 0
  m_Offset: {x: -0.00000011920929, y: 0.000000014901161}
  serializedVersion: 2
  m_Radius: 0.36
--- !u!95 &163392874
Animator:
  serializedVersion: 3
  m_ObjectHideFlags: 0
  m_PrefabParentObject: {fileID: 0}
  m_PrefabInternal: {fileID: 0}
  m_GameObject: {fileID: 163392869}
  m_Enabled: 1
  m_Avatar: {fileID: 0}
  m_Controller: {fileID: 9100000, guid: d3c0ccd56747f5143a7d2998347a22ec, type: 2}
  m_CullingMode: 0
  m_UpdateMode: 0
  m_ApplyRootMotion: 1
  m_LinearVelocityBlending: 0
  m_WarningMessage: 
  m_HasTransformHierarchy: 1
  m_AllowConstantClipSamplingOptimization: 1
--- !u!1 &273549948
GameObject:
  m_ObjectHideFlags: 0
  m_PrefabParentObject: {fileID: 0}
  m_PrefabInternal: {fileID: 0}
  serializedVersion: 5
  m_Component:
  - component: {fileID: 273549951}
  - component: {fileID: 273549950}
  - component: {fileID: 273549949}
  - component: {fileID: 273549952}
  m_Layer: 0
  m_Name: starlike_00000
  m_TagString: Untagged
  m_Icon: {fileID: 0}
  m_NavMeshLayer: 0
  m_StaticEditorFlags: 0
  m_IsActive: 1
--- !u!95 &273549949
Animator:
  serializedVersion: 3
  m_ObjectHideFlags: 0
  m_PrefabParentObject: {fileID: 0}
  m_PrefabInternal: {fileID: 0}
  m_GameObject: {fileID: 273549948}
  m_Enabled: 1
  m_Avatar: {fileID: 0}
  m_Controller: {fileID: 9100000, guid: 229004faf7455d54bbb7b90c8a675019, type: 2}
  m_CullingMode: 0
  m_UpdateMode: 0
  m_ApplyRootMotion: 0
  m_LinearVelocityBlending: 0
  m_WarningMessage: 
  m_HasTransformHierarchy: 1
  m_AllowConstantClipSamplingOptimization: 1
--- !u!212 &273549950
SpriteRenderer:
  m_ObjectHideFlags: 0
  m_PrefabParentObject: {fileID: 0}
  m_PrefabInternal: {fileID: 0}
  m_GameObject: {fileID: 273549948}
  m_Enabled: 1
  m_CastShadows: 0
  m_ReceiveShadows: 0
  m_MotionVectors: 1
  m_LightProbeUsage: 1
  m_ReflectionProbeUsage: 1
  m_Materials:
  - {fileID: 10754, guid: 0000000000000000f000000000000000, type: 0}
  m_StaticBatchInfo:
    firstSubMesh: 0
    subMeshCount: 0
  m_StaticBatchRoot: {fileID: 0}
  m_ProbeAnchor: {fileID: 0}
  m_LightProbeVolumeOverride: {fileID: 0}
  m_ScaleInLightmap: 1
  m_PreserveUVs: 0
  m_IgnoreNormalsForChartDetection: 0
  m_ImportantGI: 0
  m_SelectedEditorRenderState: 0
  m_MinimumChartSize: 4
  m_AutoUVMaxDistance: 0.5
  m_AutoUVMaxAngle: 89
  m_LightmapParameters: {fileID: 0}
  m_SortingLayerID: -584505177
  m_SortingLayer: 1
  m_SortingOrder: 0
  m_Sprite: {fileID: 21300000, guid: cf97b710f026c40498dad5a5a81d72d3, type: 3}
  m_Color: {r: 1, g: 1, b: 1, a: 1}
  m_FlipX: 0
  m_FlipY: 0
  m_DrawMode: 0
  m_Size: {x: 19.2, y: 10.8}
  m_AdaptiveModeThreshold: 0.5
  m_SpriteTileMode: 0
  m_WasSpriteAssigned: 1
  m_MaskInteraction: 0
--- !u!4 &273549951
Transform:
  m_ObjectHideFlags: 0
  m_PrefabParentObject: {fileID: 0}
  m_PrefabInternal: {fileID: 0}
  m_GameObject: {fileID: 273549948}
  m_LocalRotation: {x: -0, y: -0, z: -0, w: 1}
  m_LocalPosition: {x: 0, y: 0, z: 0}
  m_LocalScale: {x: 1, y: 1, z: 1}
  m_Children: []
  m_Father: {fileID: 989954265}
  m_RootOrder: 3
  m_LocalEulerAnglesHint: {x: 0, y: 0, z: 0}
--- !u!114 &273549952
MonoBehaviour:
  m_ObjectHideFlags: 0
  m_PrefabParentObject: {fileID: 0}
  m_PrefabInternal: {fileID: 0}
  m_GameObject: {fileID: 273549948}
  m_Enabled: 1
  m_EditorHideFlags: 0
  m_Script: {fileID: 11500000, guid: 3dd5ba41ada9fc74695b24aa079fa90d, type: 3}
  m_Name: 
  m_EditorClassIdentifier: 
--- !u!1 &290447018
GameObject:
  m_ObjectHideFlags: 0
  m_PrefabParentObject: {fileID: 0}
  m_PrefabInternal: {fileID: 0}
  serializedVersion: 5
  m_Component:
  - component: {fileID: 290447019}
  - component: {fileID: 290447021}
  - component: {fileID: 290447020}
  m_Layer: 0
  m_Name: Text1
  m_TagString: Untagged
  m_Icon: {fileID: 0}
  m_NavMeshLayer: 0
  m_StaticEditorFlags: 0
  m_IsActive: 1
--- !u!224 &290447019
RectTransform:
  m_ObjectHideFlags: 0
  m_PrefabParentObject: {fileID: 0}
  m_PrefabInternal: {fileID: 0}
  m_GameObject: {fileID: 290447018}
  m_LocalRotation: {x: -0, y: -0, z: -0, w: 1}
  m_LocalPosition: {x: 0, y: 0, z: 0}
  m_LocalScale: {x: 1.0001149, y: 1.0001149, z: 1.0001149}
  m_Children: []
  m_Father: {fileID: 1226892768}
  m_RootOrder: 4
  m_LocalEulerAnglesHint: {x: 0, y: 0, z: 0}
  m_AnchorMin: {x: 0.5, y: 0.5}
  m_AnchorMax: {x: 0.5, y: 0.5}
  m_AnchoredPosition: {x: -300, y: 150}
  m_SizeDelta: {x: 200, y: 150}
  m_Pivot: {x: 0.5, y: 0.5}
--- !u!114 &290447020
MonoBehaviour:
  m_ObjectHideFlags: 0
  m_PrefabParentObject: {fileID: 0}
  m_PrefabInternal: {fileID: 0}
  m_GameObject: {fileID: 290447018}
  m_Enabled: 1
  m_EditorHideFlags: 0
  m_Script: {fileID: 708705254, guid: f70555f144d8491a825f0804e09c671c, type: 3}
  m_Name: 
  m_EditorClassIdentifier: 
  m_Material: {fileID: 0}
  m_Color: {r: 0.627451, g: 0.627451, b: 0.627451, a: 1}
  m_RaycastTarget: 1
  m_OnCullStateChanged:
    m_PersistentCalls:
      m_Calls: []
    m_TypeName: UnityEngine.UI.MaskableGraphic+CullStateChangedEvent, UnityEngine.UI,
      Version=1.0.0.0, Culture=neutral, PublicKeyToken=null
  m_FontData:
    m_Font: {fileID: 12800000, guid: 9df440f52d887b34fbfd877649b4bf3c, type: 3}
    m_FontSize: 70
    m_FontStyle: 0
    m_BestFit: 0
    m_MinSize: 0
    m_MaxSize: 300
    m_Alignment: 4
    m_AlignByGeometry: 0
    m_RichText: 1
    m_HorizontalOverflow: 0
    m_VerticalOverflow: 0
    m_LineSpacing: 1
  m_Text: TIMER
--- !u!222 &290447021
CanvasRenderer:
  m_ObjectHideFlags: 0
  m_PrefabParentObject: {fileID: 0}
  m_PrefabInternal: {fileID: 0}
  m_GameObject: {fileID: 290447018}
--- !u!1 &443321120
GameObject:
  m_ObjectHideFlags: 0
  m_PrefabParentObject: {fileID: 1518393494171662, guid: 67acd80caf3f67a4da7b4b1c2cd48f04,
    type: 2}
  m_PrefabInternal: {fileID: 2053214105}
  serializedVersion: 5
  m_Component:
  - component: {fileID: 443321123}
  - component: {fileID: 443321127}
  - component: {fileID: 443321126}
  - component: {fileID: 443321122}
  - component: {fileID: 443321121}
  - component: {fileID: 443321124}
  - component: {fileID: 443321125}
  m_Layer: 0
  m_Name: Bg
  m_TagString: Wall
  m_Icon: {fileID: 0}
  m_NavMeshLayer: 0
  m_StaticEditorFlags: 0
  m_IsActive: 0
--- !u!114 &443321121
MonoBehaviour:
  m_ObjectHideFlags: 0
  m_PrefabParentObject: {fileID: 114443235971230040, guid: 67acd80caf3f67a4da7b4b1c2cd48f04,
    type: 2}
  m_PrefabInternal: {fileID: 2053214105}
  m_GameObject: {fileID: 443321120}
  m_Enabled: 1
  m_EditorHideFlags: 0
  m_Script: {fileID: 11500000, guid: 5dd2040ac51008944a6635f01b22121d, type: 3}
  m_Name: 
  m_EditorClassIdentifier: 
--- !u!82 &443321122
AudioSource:
  m_ObjectHideFlags: 0
  m_PrefabParentObject: {fileID: 82430600338557322, guid: 67acd80caf3f67a4da7b4b1c2cd48f04,
    type: 2}
  m_PrefabInternal: {fileID: 2053214105}
  m_GameObject: {fileID: 443321120}
  m_Enabled: 1
  serializedVersion: 4
  OutputAudioMixerGroup: {fileID: 0}
  m_audioClip: {fileID: 8300000, guid: d3e7b683fd0825749b4b0cfa602e414d, type: 3}
  m_PlayOnAwake: 1
  m_Volume: 1
  m_Pitch: 1
  Loop: 0
  Mute: 0
  Spatialize: 0
  SpatializePostEffects: 0
  Priority: 128
  DopplerLevel: 1
  MinDistance: 1
  MaxDistance: 500
  Pan2D: 0
  rolloffMode: 0
  BypassEffects: 0
  BypassListenerEffects: 0
  BypassReverbZones: 0
  rolloffCustomCurve:
    serializedVersion: 2
    m_Curve:
    - serializedVersion: 2
      time: 0
      value: 1
      inSlope: 0
      outSlope: 0
      tangentMode: 0
    - serializedVersion: 2
      time: 1
      value: 0
      inSlope: 0
      outSlope: 0
      tangentMode: 0
    m_PreInfinity: 2
    m_PostInfinity: 2
    m_RotationOrder: 4
  panLevelCustomCurve:
    serializedVersion: 2
    m_Curve:
    - serializedVersion: 2
      time: 0
      value: 0
      inSlope: 0
      outSlope: 0
      tangentMode: 0
    m_PreInfinity: 2
    m_PostInfinity: 2
    m_RotationOrder: 0
  spreadCustomCurve:
    serializedVersion: 2
    m_Curve:
    - serializedVersion: 2
      time: 0
      value: 0
      inSlope: 0
      outSlope: 0
      tangentMode: 0
    m_PreInfinity: 2
    m_PostInfinity: 2
    m_RotationOrder: 4
  reverbZoneMixCustomCurve:
    serializedVersion: 2
    m_Curve:
    - serializedVersion: 2
      time: 0
      value: 1
      inSlope: 0
      outSlope: 0
      tangentMode: 0
    m_PreInfinity: 2
    m_PostInfinity: 2
    m_RotationOrder: 0
--- !u!4 &443321123
Transform:
  m_ObjectHideFlags: 0
  m_PrefabParentObject: {fileID: 4156653031269860, guid: 67acd80caf3f67a4da7b4b1c2cd48f04,
    type: 2}
  m_PrefabInternal: {fileID: 2053214105}
  m_GameObject: {fileID: 443321120}
  m_LocalRotation: {x: -0, y: -0, z: -0, w: 1}
  m_LocalPosition: {x: 0, y: 0, z: 0}
  m_LocalScale: {x: 1, y: 1, z: 1}
  m_Children: []
  m_Father: {fileID: 989954265}
  m_RootOrder: 1
  m_LocalEulerAnglesHint: {x: 0, y: 0, z: 0}
--- !u!111 &443321124
Animation:
  m_ObjectHideFlags: 0
  m_PrefabParentObject: {fileID: 0}
  m_PrefabInternal: {fileID: 0}
  m_GameObject: {fileID: 443321120}
  m_Enabled: 0
  serializedVersion: 3
  m_Animation: {fileID: 7400000, guid: 197d91b35fe561246b86216a8077d155, type: 2}
  m_Animations: []
  m_WrapMode: 0
  m_PlayAutomatically: 1
  m_AnimatePhysics: 0
  m_CullingType: 0
--- !u!114 &443321125
MonoBehaviour:
  m_ObjectHideFlags: 0
  m_PrefabParentObject: {fileID: 0}
  m_PrefabInternal: {fileID: 0}
  m_GameObject: {fileID: 443321120}
  m_Enabled: 1
  m_EditorHideFlags: 0
  m_Script: {fileID: 11500000, guid: 3dd5ba41ada9fc74695b24aa079fa90d, type: 3}
  m_Name: 
  m_EditorClassIdentifier: 
--- !u!95 &443321126
Animator:
  serializedVersion: 3
  m_ObjectHideFlags: 0
  m_PrefabParentObject: {fileID: 95548875128624722, guid: 67acd80caf3f67a4da7b4b1c2cd48f04,
    type: 2}
  m_PrefabInternal: {fileID: 2053214105}
  m_GameObject: {fileID: 443321120}
  m_Enabled: 1
  m_Avatar: {fileID: 0}
  m_Controller: {fileID: 9100000, guid: 7eef2c028304ad54b854cab1c75f2e1b, type: 2}
  m_CullingMode: 0
  m_UpdateMode: 0
  m_ApplyRootMotion: 0
  m_LinearVelocityBlending: 0
  m_WarningMessage: 
  m_HasTransformHierarchy: 1
  m_AllowConstantClipSamplingOptimization: 1
--- !u!212 &443321127
SpriteRenderer:
  m_ObjectHideFlags: 0
  m_PrefabParentObject: {fileID: 212945471512547592, guid: 67acd80caf3f67a4da7b4b1c2cd48f04,
    type: 2}
  m_PrefabInternal: {fileID: 2053214105}
  m_GameObject: {fileID: 443321120}
  m_Enabled: 1
  m_CastShadows: 0
  m_ReceiveShadows: 0
  m_MotionVectors: 1
  m_LightProbeUsage: 1
  m_ReflectionProbeUsage: 1
  m_Materials:
  - {fileID: 10754, guid: 0000000000000000f000000000000000, type: 0}
  m_StaticBatchInfo:
    firstSubMesh: 0
    subMeshCount: 0
  m_StaticBatchRoot: {fileID: 0}
  m_ProbeAnchor: {fileID: 0}
  m_LightProbeVolumeOverride: {fileID: 0}
  m_ScaleInLightmap: 1
  m_PreserveUVs: 0
  m_IgnoreNormalsForChartDetection: 0
  m_ImportantGI: 0
  m_SelectedEditorRenderState: 0
  m_MinimumChartSize: 4
  m_AutoUVMaxDistance: 0.5
  m_AutoUVMaxAngle: 89
  m_LightmapParameters: {fileID: 0}
  m_SortingLayerID: 0
  m_SortingLayer: 0
  m_SortingOrder: 0
  m_Sprite: {fileID: 21300000, guid: 8feb5af9aa1f15d429f95bc5ab288ee1, type: 3}
  m_Color: {r: 1, g: 1, b: 1, a: 1}
  m_FlipX: 0
  m_FlipY: 0
  m_DrawMode: 0
  m_Size: {x: 19.2, y: 10.8}
  m_AdaptiveModeThreshold: 0.5
  m_SpriteTileMode: 0
  m_WasSpriteAssigned: 0
  m_MaskInteraction: 0
--- !u!1 &475107798
GameObject:
  m_ObjectHideFlags: 0
  m_PrefabParentObject: {fileID: 0}
  m_PrefabInternal: {fileID: 0}
  serializedVersion: 5
  m_Component:
  - component: {fileID: 475107799}
  - component: {fileID: 475107800}
  m_Layer: 0
  m_Name: GameManager
  m_TagString: Untagged
  m_Icon: {fileID: 0}
  m_NavMeshLayer: 0
  m_StaticEditorFlags: 0
  m_IsActive: 1
--- !u!4 &475107799
Transform:
  m_ObjectHideFlags: 0
  m_PrefabParentObject: {fileID: 0}
  m_PrefabInternal: {fileID: 0}
  m_GameObject: {fileID: 475107798}
  m_LocalRotation: {x: -0, y: -0, z: -0, w: 1}
  m_LocalPosition: {x: 0, y: 0, z: 0}
  m_LocalScale: {x: 1, y: 1, z: 1}
  m_Children: []
  m_Father: {fileID: 0}
  m_RootOrder: 2
  m_LocalEulerAnglesHint: {x: 0, y: 0, z: 0}
--- !u!114 &475107800
MonoBehaviour:
  m_ObjectHideFlags: 0
  m_PrefabParentObject: {fileID: 0}
  m_PrefabInternal: {fileID: 0}
  m_GameObject: {fileID: 475107798}
  m_Enabled: 1
  m_EditorHideFlags: 0
  m_Script: {fileID: 11500000, guid: 59f3cbe21d7ce1a4db1afe627bc39d76, type: 3}
  m_Name: 
  m_EditorClassIdentifier: 
  ballPrefabs:
  - {fileID: 1362580536871070, guid: 320db6fa32cb112448b04bf3a086bddd, type: 2}
  - {fileID: 1809238357063696, guid: 5cc5fbcd1b86ec04cade3cfa531dc3fd, type: 2}
  - {fileID: 1869193516358492, guid: def5152bb5c023d4cbd0570d0962bf01, type: 2}
  ripplePrefabs:
  - {fileID: 1638987758043708, guid: 2fe4803cb08f97547ba42c5e81f6d946, type: 2}
  - {fileID: 1418409906975308, guid: c4a7113e2a7e1c9429260d1637df8c80, type: 2}
  popPrefabs:
  - {fileID: 1476982801803686, guid: 5bd9baf505d070147aecd7e350053f22, type: 2}
  - {fileID: 1784469390528882, guid: ec5725f018caa644fba2af507f968b96, type: 2}
  loadingBgPrefab: {fileID: 1568250347464748, guid: c96c510bc18f42846a6aec9554bd6175,
    type: 2}
  border: {fileID: 1029072947}
  bg: {fileID: 273549948}
  sign: {fileID: 148804508}
  scoreText: {fileID: 1673560666}
  timerText: {fileID: 1667682298}
  instruction: {fileID: 1026754397}
  hint: {fileID: 962995077}
  minVelocity: 3
  maxVelocity: 5
  maxBallNumber: 5
  minRadius: 0.7
--- !u!1 &554668193
GameObject:
  m_ObjectHideFlags: 0
  m_PrefabParentObject: {fileID: 0}
  m_PrefabInternal: {fileID: 0}
  serializedVersion: 5
  m_Component:
  - component: {fileID: 554668194}
  - component: {fileID: 554668196}
  - component: {fileID: 554668195}
  m_Layer: 0
  m_Name: Instructions
  m_TagString: Untagged
  m_Icon: {fileID: 0}
  m_NavMeshLayer: 0
  m_StaticEditorFlags: 0
  m_IsActive: 0
--- !u!224 &554668194
RectTransform:
  m_ObjectHideFlags: 0
  m_PrefabParentObject: {fileID: 0}
  m_PrefabInternal: {fileID: 0}
  m_GameObject: {fileID: 554668193}
  m_LocalRotation: {x: 0, y: 0, z: 0, w: 1}
  m_LocalPosition: {x: 0, y: 0, z: 0}
  m_LocalScale: {x: 1, y: 1, z: 1}
  m_Children: []
  m_Father: {fileID: 1226892768}
  m_RootOrder: 1
  m_LocalEulerAnglesHint: {x: 0, y: 0, z: 0}
  m_AnchorMin: {x: 0.5, y: 0.5}
  m_AnchorMax: {x: 0.5, y: 0.5}
  m_AnchoredPosition: {x: -81, y: -24}
  m_SizeDelta: {x: 365.8, y: 370.7}
  m_Pivot: {x: 0.5, y: 0.5}
--- !u!114 &554668195
MonoBehaviour:
  m_ObjectHideFlags: 0
  m_PrefabParentObject: {fileID: 0}
  m_PrefabInternal: {fileID: 0}
  m_GameObject: {fileID: 554668193}
  m_Enabled: 1
  m_EditorHideFlags: 0
  m_Script: {fileID: 708705254, guid: f70555f144d8491a825f0804e09c671c, type: 3}
  m_Name: 
  m_EditorClassIdentifier: 
  m_Material: {fileID: 0}
  m_Color: {r: 0.19607843, g: 0.19607843, b: 0.19607843, a: 1}
  m_RaycastTarget: 1
  m_OnCullStateChanged:
    m_PersistentCalls:
      m_Calls: []
    m_TypeName: UnityEngine.UI.MaskableGraphic+CullStateChangedEvent, UnityEngine.UI,
      Version=1.0.0.0, Culture=neutral, PublicKeyToken=null
  m_FontData:
    m_Font: {fileID: 12800000, guid: 9df440f52d887b34fbfd877649b4bf3c, type: 3}
    m_FontSize: 20
    m_FontStyle: 0
    m_BestFit: 0
    m_MinSize: 0
    m_MaxSize: 52
    m_Alignment: 4
    m_AlignByGeometry: 0
    m_RichText: 1
    m_HorizontalOverflow: 0
    m_VerticalOverflow: 0
    m_LineSpacing: 1
  m_Text: 'MOVE MOUSE

    Rotate central circle


    RIGHT CLICK

    Slow down rippling


    SPACE

    Central circle flips color


    SCORING

    Central circle abosorb bouncing circles of matching color'
--- !u!222 &554668196
CanvasRenderer:
  m_ObjectHideFlags: 0
  m_PrefabParentObject: {fileID: 0}
  m_PrefabInternal: {fileID: 0}
  m_GameObject: {fileID: 554668193}
--- !u!1001 &612826999
Prefab:
  m_ObjectHideFlags: 0
  serializedVersion: 2
  m_Modification:
    m_TransformParent: {fileID: 144746980}
    m_Modifications:
    - target: {fileID: 4643836107866436, guid: 7d5457a4347e40b45b94d03a1c00ef4b, type: 2}
      propertyPath: m_LocalPosition.x
      value: 0
      objectReference: {fileID: 0}
    - target: {fileID: 4643836107866436, guid: 7d5457a4347e40b45b94d03a1c00ef4b, type: 2}
      propertyPath: m_LocalPosition.y
      value: 0
      objectReference: {fileID: 0}
    - target: {fileID: 4643836107866436, guid: 7d5457a4347e40b45b94d03a1c00ef4b, type: 2}
      propertyPath: m_LocalPosition.z
      value: 0
      objectReference: {fileID: 0}
    - target: {fileID: 4643836107866436, guid: 7d5457a4347e40b45b94d03a1c00ef4b, type: 2}
      propertyPath: m_LocalRotation.x
      value: -0
      objectReference: {fileID: 0}
    - target: {fileID: 4643836107866436, guid: 7d5457a4347e40b45b94d03a1c00ef4b, type: 2}
      propertyPath: m_LocalRotation.y
      value: -0
      objectReference: {fileID: 0}
    - target: {fileID: 4643836107866436, guid: 7d5457a4347e40b45b94d03a1c00ef4b, type: 2}
      propertyPath: m_LocalRotation.z
      value: -0
      objectReference: {fileID: 0}
    - target: {fileID: 4643836107866436, guid: 7d5457a4347e40b45b94d03a1c00ef4b, type: 2}
      propertyPath: m_LocalRotation.w
      value: 1
      objectReference: {fileID: 0}
    - target: {fileID: 4643836107866436, guid: 7d5457a4347e40b45b94d03a1c00ef4b, type: 2}
      propertyPath: m_RootOrder
      value: 2
      objectReference: {fileID: 0}
    m_RemovedComponents: []
  m_ParentPrefab: {fileID: 100100000, guid: 7d5457a4347e40b45b94d03a1c00ef4b, type: 2}
  m_RootGameObject: {fileID: 148804508}
  m_IsPrefabParent: 0
--- !u!1 &962995075
GameObject:
  m_ObjectHideFlags: 0
  m_PrefabParentObject: {fileID: 0}
  m_PrefabInternal: {fileID: 0}
  serializedVersion: 5
  m_Component:
  - component: {fileID: 962995076}
  - component: {fileID: 962995078}
  - component: {fileID: 962995077}
  m_Layer: 0
  m_Name: Hint
  m_TagString: Untagged
  m_Icon: {fileID: 0}
  m_NavMeshLayer: 0
  m_StaticEditorFlags: 0
  m_IsActive: 1
--- !u!224 &962995076
RectTransform:
  m_ObjectHideFlags: 0
  m_PrefabParentObject: {fileID: 0}
  m_PrefabInternal: {fileID: 0}
  m_GameObject: {fileID: 962995075}
  m_LocalRotation: {x: 0, y: 0, z: 0, w: 1}
  m_LocalPosition: {x: 0, y: 0, z: 0}
  m_LocalScale: {x: 1, y: 1, z: 1}
  m_Children: []
  m_Father: {fileID: 1226892768}
  m_RootOrder: 6
  m_LocalEulerAnglesHint: {x: 0, y: 0, z: 0}
  m_AnchorMin: {x: 0.5, y: 0.5}
  m_AnchorMax: {x: 0.5, y: 0.5}
  m_AnchoredPosition: {x: 0, y: -120}
  m_SizeDelta: {x: 241.9, y: 99.1}
  m_Pivot: {x: 0.5, y: 0.5}
--- !u!114 &962995077
MonoBehaviour:
  m_ObjectHideFlags: 0
  m_PrefabParentObject: {fileID: 0}
  m_PrefabInternal: {fileID: 0}
  m_GameObject: {fileID: 962995075}
  m_Enabled: 1
  m_EditorHideFlags: 0
  m_Script: {fileID: 708705254, guid: f70555f144d8491a825f0804e09c671c, type: 3}
  m_Name: 
  m_EditorClassIdentifier: 
  m_Material: {fileID: 0}
  m_Color: {r: 0.627451, g: 0.627451, b: 0.627451, a: 1}
  m_RaycastTarget: 1
  m_OnCullStateChanged:
    m_PersistentCalls:
      m_Calls: []
    m_TypeName: UnityEngine.UI.MaskableGraphic+CullStateChangedEvent, UnityEngine.UI,
      Version=1.0.0.0, Culture=neutral, PublicKeyToken=null
  m_FontData:
    m_Font: {fileID: 12800000, guid: 34bf8434721de6740a8c07ad1a404c78, type: 3}
    m_FontSize: 20
    m_FontStyle: 0
    m_BestFit: 0
    m_MinSize: 2
    m_MaxSize: 40
    m_Alignment: 4
    m_AlignByGeometry: 0
    m_RichText: 1
    m_HorizontalOverflow: 0
    m_VerticalOverflow: 0
    m_LineSpacing: 1
  m_Text: Press Space to continue
--- !u!222 &962995078
CanvasRenderer:
  m_ObjectHideFlags: 0
  m_PrefabParentObject: {fileID: 0}
  m_PrefabInternal: {fileID: 0}
  m_GameObject: {fileID: 962995075}
--- !u!1 &977956896
GameObject:
  m_ObjectHideFlags: 0
  m_PrefabParentObject: {fileID: 0}
  m_PrefabInternal: {fileID: 0}
  serializedVersion: 5
  m_Component:
  - component: {fileID: 977956897}
  - component: {fileID: 977956898}
  m_Layer: 0
  m_Name: circlebg
  m_TagString: Untagged
  m_Icon: {fileID: 0}
  m_NavMeshLayer: 0
  m_StaticEditorFlags: 0
  m_IsActive: 0
--- !u!4 &977956897
Transform:
  m_ObjectHideFlags: 0
  m_PrefabParentObject: {fileID: 0}
  m_PrefabInternal: {fileID: 0}
  m_GameObject: {fileID: 977956896}
  m_LocalRotation: {x: -0, y: -0, z: -0, w: 1}
  m_LocalPosition: {x: 0, y: 0, z: 0}
  m_LocalScale: {x: 1, y: 1, z: 1}
  m_Children: []
  m_Father: {fileID: 989954265}
  m_RootOrder: 2
  m_LocalEulerAnglesHint: {x: 0, y: 0, z: 0}
--- !u!212 &977956898
SpriteRenderer:
  m_ObjectHideFlags: 0
  m_PrefabParentObject: {fileID: 0}
  m_PrefabInternal: {fileID: 0}
  m_GameObject: {fileID: 977956896}
  m_Enabled: 1
  m_CastShadows: 0
  m_ReceiveShadows: 0
  m_MotionVectors: 1
  m_LightProbeUsage: 1
  m_ReflectionProbeUsage: 1
  m_Materials:
  - {fileID: 10754, guid: 0000000000000000f000000000000000, type: 0}
  m_StaticBatchInfo:
    firstSubMesh: 0
    subMeshCount: 0
  m_StaticBatchRoot: {fileID: 0}
  m_ProbeAnchor: {fileID: 0}
  m_LightProbeVolumeOverride: {fileID: 0}
  m_ScaleInLightmap: 1
  m_PreserveUVs: 0
  m_IgnoreNormalsForChartDetection: 0
  m_ImportantGI: 0
  m_SelectedEditorRenderState: 0
  m_MinimumChartSize: 4
  m_AutoUVMaxDistance: 0.5
  m_AutoUVMaxAngle: 89
  m_LightmapParameters: {fileID: 0}
  m_SortingLayerID: -584505177
  m_SortingLayer: 1
  m_SortingOrder: 2
  m_Sprite: {fileID: 21300000, guid: dde0eab44d71d7342bcd29287c260926, type: 3}
  m_Color: {r: 1, g: 1, b: 1, a: 1}
  m_FlipX: 0
  m_FlipY: 0
  m_DrawMode: 0
  m_Size: {x: 10, y: 10}
  m_AdaptiveModeThreshold: 0.5
  m_SpriteTileMode: 0
  m_WasSpriteAssigned: 1
  m_MaskInteraction: 0
--- !u!1 &989954264
GameObject:
  m_ObjectHideFlags: 0
  m_PrefabParentObject: {fileID: 0}
  m_PrefabInternal: {fileID: 0}
  serializedVersion: 5
  m_Component:
  - component: {fileID: 989954265}
  m_Layer: 0
  m_Name: Assets
  m_TagString: Untagged
  m_Icon: {fileID: 0}
  m_NavMeshLayer: 0
  m_StaticEditorFlags: 0
  m_IsActive: 1
--- !u!4 &989954265
Transform:
  m_ObjectHideFlags: 0
  m_PrefabParentObject: {fileID: 0}
  m_PrefabInternal: {fileID: 0}
  m_GameObject: {fileID: 989954264}
  m_LocalRotation: {x: -0, y: -0, z: -0, w: 1}
  m_LocalPosition: {x: 0, y: 0, z: 0}
  m_LocalScale: {x: 1, y: 1, z: 1}
  m_Children:
  - {fileID: 1029072948}
  - {fileID: 443321123}
  - {fileID: 977956897}
  - {fileID: 273549951}
  m_Father: {fileID: 88230107}
  m_RootOrder: 1
  m_LocalEulerAnglesHint: {x: 0, y: 0, z: 0}
--- !u!1 &994963995
GameObject:
  m_ObjectHideFlags: 0
  m_PrefabParentObject: {fileID: 1377362538691566, guid: 38c0f840d1b37e049872bf70a667544f,
    type: 2}
  m_PrefabInternal: {fileID: 0}
  serializedVersion: 5
  m_Component:
  - component: {fileID: 994963996}
  - component: {fileID: 994963999}
  - component: {fileID: 994963998}
  - component: {fileID: 994963997}
  - component: {fileID: 994964000}
  m_Layer: 0
  m_Name: Wall2
  m_TagString: Wall
  m_Icon: {fileID: 0}
  m_NavMeshLayer: 0
  m_StaticEditorFlags: 0
  m_IsActive: 1
--- !u!4 &994963996
Transform:
  m_ObjectHideFlags: 0
  m_PrefabParentObject: {fileID: 4797807457458140, guid: 38c0f840d1b37e049872bf70a667544f,
    type: 2}
  m_PrefabInternal: {fileID: 0}
  m_GameObject: {fileID: 994963995}
  m_LocalRotation: {x: -0, y: -0, z: 0.7071068, w: 0.7071068}
  m_LocalPosition: {x: 8.31, y: -0.62, z: 0.0000009536743}
  m_LocalScale: {x: 1.4, y: 0.5, z: 1}
  m_Children: []
  m_Father: {fileID: 1239632821}
  m_RootOrder: 2
  m_LocalEulerAnglesHint: {x: 0, y: 0, z: 90}
--- !u!61 &994963997
BoxCollider2D:
  m_ObjectHideFlags: 0
  m_PrefabParentObject: {fileID: 0}
  m_PrefabInternal: {fileID: 0}
  m_GameObject: {fileID: 994963995}
  m_Enabled: 1
  m_Density: 1
  m_Material: {fileID: 0}
  m_IsTrigger: 0
  m_UsedByEffector: 0
  m_UsedByComposite: 0
  m_Offset: {x: 0.011340976, y: -0.011841655}
  m_SpriteTilingProperty:
    border: {x: 0, y: 0, z: 0, w: 0}
    pivot: {x: 0.5, y: 0.5}
    oldSize: {x: 7.55, y: 0.81}
    newSize: {x: 7.55, y: 0.81}
    adaptiveTilingThreshold: 0.5
    drawMode: 0
    adaptiveTiling: 0
  m_AutoTiling: 0
  serializedVersion: 2
  m_Size: {x: 7.2105675, y: 0.42952293}
  m_EdgeRadius: 0
--- !u!50 &994963998
Rigidbody2D:
  serializedVersion: 4
  m_ObjectHideFlags: 0
  m_PrefabParentObject: {fileID: 50226547224631280, guid: 38c0f840d1b37e049872bf70a667544f,
    type: 2}
  m_PrefabInternal: {fileID: 0}
  m_GameObject: {fileID: 994963995}
  m_BodyType: 0
  m_Simulated: 1
  m_UseFullKinematicContacts: 0
  m_UseAutoMass: 0
  m_Mass: 9999
  m_LinearDrag: 0
  m_AngularDrag: 0.05
  m_GravityScale: 0
  m_Material: {fileID: 0}
  m_Interpolate: 0
  m_SleepingMode: 1
  m_CollisionDetection: 0
  m_Constraints: 0
--- !u!212 &994963999
SpriteRenderer:
  m_ObjectHideFlags: 0
  m_PrefabParentObject: {fileID: 212611845886767190, guid: 38c0f840d1b37e049872bf70a667544f,
    type: 2}
  m_PrefabInternal: {fileID: 0}
  m_GameObject: {fileID: 994963995}
  m_Enabled: 1
  m_CastShadows: 0
  m_ReceiveShadows: 0
  m_MotionVectors: 1
  m_LightProbeUsage: 1
  m_ReflectionProbeUsage: 1
  m_Materials:
  - {fileID: 10754, guid: 0000000000000000f000000000000000, type: 0}
  m_StaticBatchInfo:
    firstSubMesh: 0
    subMeshCount: 0
  m_StaticBatchRoot: {fileID: 0}
  m_ProbeAnchor: {fileID: 0}
  m_LightProbeVolumeOverride: {fileID: 0}
  m_ScaleInLightmap: 1
  m_PreserveUVs: 0
  m_IgnoreNormalsForChartDetection: 0
  m_ImportantGI: 0
  m_SelectedEditorRenderState: 0
  m_MinimumChartSize: 4
  m_AutoUVMaxDistance: 0.5
  m_AutoUVMaxAngle: 89
  m_LightmapParameters: {fileID: 0}
  m_SortingLayerID: -584505177
  m_SortingLayer: 1
  m_SortingOrder: 0
  m_Sprite: {fileID: 21300000, guid: e4b17492dfe2b314ba02eafc7607d2a6, type: 3}
  m_Color: {r: 1, g: 1, b: 1, a: 1}
  m_FlipX: 0
  m_FlipY: 0
  m_DrawMode: 0
  m_Size: {x: 7.55, y: 0.81}
  m_AdaptiveModeThreshold: 0.5
  m_SpriteTileMode: 0
  m_WasSpriteAssigned: 1
  m_MaskInteraction: 0
--- !u!114 &994964000
MonoBehaviour:
  m_ObjectHideFlags: 0
  m_PrefabParentObject: {fileID: 0}
  m_PrefabInternal: {fileID: 0}
  m_GameObject: {fileID: 994963995}
  m_Enabled: 1
  m_EditorHideFlags: 0
  m_Script: {fileID: 11500000, guid: 01b0989538c298b4dba7e08026ce8c2c, type: 3}
  m_Name: 
  m_EditorClassIdentifier: 
  sprites:
  - {fileID: 21300000, guid: e4b17492dfe2b314ba02eafc7607d2a6, type: 3}
  - {fileID: 21300000, guid: 3215a2391e3868448b8ac31daa987ef4, type: 3}
  shrinkScale: 0
  radius: 0
--- !u!1 &1026754395
GameObject:
  m_ObjectHideFlags: 0
  m_PrefabParentObject: {fileID: 0}
  m_PrefabInternal: {fileID: 0}
  serializedVersion: 5
  m_Component:
  - component: {fileID: 1026754396}
  - component: {fileID: 1026754398}
  - component: {fileID: 1026754397}
  m_Layer: 0
  m_Name: Instruction
  m_TagString: Untagged
  m_Icon: {fileID: 0}
  m_NavMeshLayer: 0
  m_StaticEditorFlags: 0
  m_IsActive: 1
--- !u!224 &1026754396
RectTransform:
  m_ObjectHideFlags: 0
  m_PrefabParentObject: {fileID: 0}
  m_PrefabInternal: {fileID: 0}
  m_GameObject: {fileID: 1026754395}
  m_LocalRotation: {x: 0, y: 0, z: 0, w: 1}
  m_LocalPosition: {x: 0, y: 0, z: 0}
  m_LocalScale: {x: 1, y: 1, z: 1}
  m_Children: []
  m_Father: {fileID: 1226892768}
  m_RootOrder: 5
  m_LocalEulerAnglesHint: {x: 0, y: 0, z: 0}
  m_AnchorMin: {x: 0.5, y: 0.5}
  m_AnchorMax: {x: 0.5, y: 0.5}
  m_AnchoredPosition: {x: 0, y: 128}
  m_SizeDelta: {x: 215.3, y: 75.8}
  m_Pivot: {x: 0.5, y: 0.5}
--- !u!114 &1026754397
MonoBehaviour:
  m_ObjectHideFlags: 0
  m_PrefabParentObject: {fileID: 0}
  m_PrefabInternal: {fileID: 0}
  m_GameObject: {fileID: 1026754395}
  m_Enabled: 1
  m_EditorHideFlags: 0
  m_Script: {fileID: 708705254, guid: f70555f144d8491a825f0804e09c671c, type: 3}
  m_Name: 
  m_EditorClassIdentifier: 
  m_Material: {fileID: 0}
  m_Color: {r: 0.99215686, g: 0.62352943, b: 0.3764706, a: 1}
  m_RaycastTarget: 1
  m_OnCullStateChanged:
    m_PersistentCalls:
      m_Calls: []
    m_TypeName: UnityEngine.UI.MaskableGraphic+CullStateChangedEvent, UnityEngine.UI,
      Version=1.0.0.0, Culture=neutral, PublicKeyToken=null
  m_FontData:
    m_Font: {fileID: 12800000, guid: 34bf8434721de6740a8c07ad1a404c78, type: 3}
    m_FontSize: 30
    m_FontStyle: 0
    m_BestFit: 0
    m_MinSize: 0
    m_MaxSize: 40
    m_Alignment: 4
    m_AlignByGeometry: 0
    m_RichText: 0
    m_HorizontalOverflow: 0
    m_VerticalOverflow: 0
    m_LineSpacing: 1
  m_Text: New Text
--- !u!222 &1026754398
CanvasRenderer:
  m_ObjectHideFlags: 0
  m_PrefabParentObject: {fileID: 0}
  m_PrefabInternal: {fileID: 0}
  m_GameObject: {fileID: 1026754395}
--- !u!1 &1029072947
GameObject:
  m_ObjectHideFlags: 0
  m_PrefabParentObject: {fileID: 1693915514108246, guid: 49917896b744c584e887111c41eb678d,
    type: 2}
  m_PrefabInternal: {fileID: 1967582816}
  serializedVersion: 5
  m_Component:
  - component: {fileID: 1029072948}
  - component: {fileID: 1029072952}
  - component: {fileID: 1029072951}
  - component: {fileID: 1029072950}
  - component: {fileID: 1029072949}
  m_Layer: 0
  m_Name: circlewall
  m_TagString: Wall
  m_Icon: {fileID: 0}
  m_NavMeshLayer: 0
  m_StaticEditorFlags: 0
  m_IsActive: 1
--- !u!4 &1029072948
Transform:
  m_ObjectHideFlags: 0
  m_PrefabParentObject: {fileID: 4137280132278556, guid: 49917896b744c584e887111c41eb678d,
    type: 2}
  m_PrefabInternal: {fileID: 1967582816}
  m_GameObject: {fileID: 1029072947}
  m_LocalRotation: {x: -0, y: -0, z: -0, w: 1}
  m_LocalPosition: {x: 0, y: 0, z: 0}
  m_LocalScale: {x: 1, y: 1, z: 1}
  m_Children: []
  m_Father: {fileID: 989954265}
  m_RootOrder: 0
  m_LocalEulerAnglesHint: {x: 0, y: 0, z: 0}
--- !u!95 &1029072949
Animator:
  serializedVersion: 3
  m_ObjectHideFlags: 0
  m_PrefabParentObject: {fileID: 0}
  m_PrefabInternal: {fileID: 0}
  m_GameObject: {fileID: 1029072947}
  m_Enabled: 1
  m_Avatar: {fileID: 0}
  m_Controller: {fileID: 9100000, guid: ec508a4e056b1be48b758e9ba83498c8, type: 2}
  m_CullingMode: 0
  m_UpdateMode: 0
  m_ApplyRootMotion: 0
  m_LinearVelocityBlending: 0
  m_WarningMessage: 
  m_HasTransformHierarchy: 1
  m_AllowConstantClipSamplingOptimization: 1
--- !u!60 &1029072950
PolygonCollider2D:
  m_ObjectHideFlags: 0
  m_PrefabParentObject: {fileID: 60298589486252842, guid: 49917896b744c584e887111c41eb678d,
    type: 2}
  m_PrefabInternal: {fileID: 1967582816}
  m_GameObject: {fileID: 1029072947}
  m_Enabled: 1
  m_Density: 1
  m_Material: {fileID: 6200000, guid: 54903bdeb9da8474e8f45e0ba80836e6, type: 2}
  m_IsTrigger: 0
  m_UsedByEffector: 0
  m_UsedByComposite: 0
  m_Offset: {x: 0, y: 0}
  m_SpriteTilingProperty:
    border: {x: 0, y: 0, z: 0, w: 0}
    pivot: {x: 0.5, y: 0.5}
    oldSize: {x: 10, y: 10}
    newSize: {x: 8, y: 8}
    adaptiveTilingThreshold: 0.5
    drawMode: 0
    adaptiveTiling: 0
  m_AutoTiling: 0
  m_Points:
    m_Paths:
    - - {x: 0.63, y: -4.73}
      - {x: 0.71, y: -4.72}
      - {x: 0.83, y: -4.7}
      - {x: 0.97999996, y: -4.67}
      - {x: 1.12, y: -4.64}
      - {x: 1.24, y: -4.61}
      - {x: 1.42, y: -4.56}
      - {x: 1.48, y: -4.54}
      - {x: 1.62, y: -4.49}
      - {x: 1.75, y: -4.44}
      - {x: 1.8499999, y: -4.4}
      - {x: 1.92, y: -4.37}
      - {x: 2.05, y: -4.31}
      - {x: 2.22, y: -4.23}
      - {x: 2.3999999, y: -4.13}
      - {x: 2.45, y: -4.1}
      - {x: 2.58, y: -4.02}
      - {x: 2.6399999, y: -3.98}
      - {x: 2.8, y: -3.87}
      - {x: 2.8799999, y: -3.81}
      - {x: 3.07, y: -3.6499999}
      - {x: 3.1399999, y: -3.59}
      - {x: 3.25, y: -3.49}
      - {x: 3.49, y: -3.25}
      - {x: 3.6899998, y: -3.03}
      - {x: 3.81, y: -2.87}
      - {x: 3.9399998, y: -2.7}
      - {x: 4.1, y: -2.45}
      - {x: 4.17, y: -2.33}
      - {x: 4.24, y: -2.2}
      - {x: 4.37, y: -1.92}
      - {x: 4.5, y: -1.5899999}
      - {x: 4.52, y: -1.53}
      - {x: 4.62, y: -1.24}
      - {x: 4.7, y: -0.83}
      - {x: 4.72, y: -0.71}
      - {x: 4.74, y: -0.55}
      - {x: 4.75, y: -0.45999998}
      - {x: 4.7599998, y: -0.34}
      - {x: 4.77, y: -0.14}
      - {x: 4.77, y: 0.14}
      - {x: 4.7599998, y: 0.34}
      - {x: 4.75, y: 0.45999998}
      - {x: 4.74, y: 0.55}
      - {x: 4.72, y: 0.71}
      - {x: 4.69, y: 0.89}
      - {x: 4.67, y: 0.98999995}
      - {x: 4.63, y: 1.16}
      - {x: 4.5699997, y: 1.39}
      - {x: 4.5499997, y: 1.4499999}
      - {x: 4.46, y: 1.6999999}
      - {x: 4.37, y: 1.92}
      - {x: 4.3199997, y: 2.03}
      - {x: 4.24, y: 2.2}
      - {x: 4.13, y: 2.3999999}
      - {x: 4.02, y: 2.58}
      - {x: 3.87, y: 2.8}
      - {x: 3.81, y: 2.8799999}
      - {x: 3.6499999, y: 3.07}
      - {x: 3.59, y: 3.1399999}
      - {x: 3.49, y: 3.25}
      - {x: 3.25, y: 3.49}
      - {x: 3.1399999, y: 3.59}
      - {x: 3.02, y: 3.6899998}
      - {x: 2.87, y: 3.81}
      - {x: 2.84, y: 3.84}
      - {x: 2.7, y: 3.9399998}
      - {x: 2.55, y: 4.04}
      - {x: 2.31, y: 4.18}
      - {x: 2.2, y: 4.24}
      - {x: 2.05, y: 4.31}
      - {x: 1.92, y: 4.37}
      - {x: 1.8, y: 4.42}
      - {x: 1.6999999, y: 4.46}
      - {x: 1.5999999, y: 4.5099998}
      - {x: 1.41, y: 4.56}
      - {x: 1.1999999, y: 4.62}
      - {x: 0.84, y: 4.71}
      - {x: 0.71, y: 4.72}
      - {x: 0.55, y: 4.74}
      - {x: 0.45999998, y: 4.75}
      - {x: 0.34, y: 4.7599998}
      - {x: 0.14, y: 4.77}
      - {x: -0.14, y: 4.77}
      - {x: -0.34, y: 4.7599998}
      - {x: -0.45999998, y: 4.75}
      - {x: -0.55, y: 4.74}
      - {x: -0.71, y: 4.72}
      - {x: -0.83, y: 4.7}
      - {x: -0.93, y: 4.68}
      - {x: -1.09, y: 4.65}
      - {x: -1.17, y: 4.63}
      - {x: -1.31, y: 4.5899997}
      - {x: -1.42, y: 4.5699997}
      - {x: -1.63, y: 4.49}
      - {x: -1.92, y: 4.37}
      - {x: -2.05, y: 4.31}
      - {x: -2.2, y: 4.24}
      - {x: -2.3999999, y: 4.13}
      - {x: -2.58, y: 4.02}
      - {x: -2.6399999, y: 3.98}
      - {x: -2.87, y: 3.81}
      - {x: -2.96, y: 3.74}
      - {x: -3.1399999, y: 3.59}
      - {x: -3.25, y: 3.49}
      - {x: -3.49, y: 3.25}
      - {x: -3.59, y: 3.1399999}
      - {x: -3.6899998, y: 3.02}
      - {x: -3.81, y: 2.87}
      - {x: -3.9399998, y: 2.7}
      - {x: -4.04, y: 2.55}
      - {x: -4.17, y: 2.33}
      - {x: -4.24, y: 2.2}
      - {x: -4.37, y: 1.92}
      - {x: -4.42, y: 1.8}
      - {x: -4.46, y: 1.6999999}
      - {x: -4.5099998, y: 1.5999999}
      - {x: -4.5699997, y: 1.38}
      - {x: -4.64, y: 1.12}
      - {x: -4.66, y: 1.03}
      - {x: -4.7, y: 0.83}
      - {x: -4.72, y: 0.7}
      - {x: -4.73, y: 0.63}
      - {x: -4.74, y: 0.55}
      - {x: -4.75, y: 0.45999998}
      - {x: -4.7599998, y: 0.34}
      - {x: -4.77, y: 0.14}
      - {x: -4.77, y: -0.14}
      - {x: -4.7599998, y: -0.34}
      - {x: -4.75, y: -0.45999998}
      - {x: -4.73, y: -0.63}
      - {x: -4.71, y: -0.77}
      - {x: -4.69, y: -0.88}
      - {x: -4.65, y: -1.0799999}
      - {x: -4.63, y: -1.16}
      - {x: -4.5699997, y: -1.39}
      - {x: -4.5499997, y: -1.4499999}
      - {x: -4.49, y: -1.62}
      - {x: -4.46, y: -1.7099999}
      - {x: -4.42, y: -1.8}
      - {x: -4.37, y: -1.92}
      - {x: -4.17, y: -2.33}
      - {x: -4.02, y: -2.58}
      - {x: -3.98, y: -2.6399999}
      - {x: -3.84, y: -2.84}
      - {x: -3.59, y: -3.1399999}
      - {x: -3.49, y: -3.25}
      - {x: -3.25, y: -3.49}
      - {x: -3.1399999, y: -3.59}
      - {x: -2.84, y: -3.84}
      - {x: -2.7, y: -3.9399998}
      - {x: -2.55, y: -4.04}
      - {x: -2.45, y: -4.1}
      - {x: -2.31, y: -4.18}
      - {x: -2.05, y: -4.31}
      - {x: -1.92, y: -4.37}
      - {x: -1.8, y: -4.42}
      - {x: -1.5899999, y: -4.5}
      - {x: -1.53, y: -4.52}
      - {x: -1.24, y: -4.62}
      - {x: -1.16, y: -4.63}
      - {x: -0.83, y: -4.7}
      - {x: -0.71, y: -4.72}
      - {x: -0.56, y: -4.74}
      - {x: -0.45999998, y: -4.75}
      - {x: -0.34, y: -4.7599998}
      - {x: -0.14, y: -4.77}
      - {x: 0.14, y: -4.77}
      - {x: 0.34, y: -4.7599998}
      - {x: 0.45999998, y: -4.75}
      - {x: 0.56, y: -4.74}
    - - {x: -0.41, y: -4.65}
      - {x: -0.59999996, y: -4.63}
      - {x: -0.9, y: -4.58}
      - {x: -1.09, y: -4.54}
      - {x: -1.29, y: -4.49}
      - {x: -1.62, y: -4.38}
      - {x: -1.89, y: -4.27}
      - {x: -2, y: -4.22}
      - {x: -2.02, y: -4.22}
      - {x: -2.19, y: -4.12}
      - {x: -2.4199998, y: -3.99}
      - {x: -2.75, y: -3.77}
      - {x: -2.98, y: -3.6}
      - {x: -3.1299999, y: -3.47}
      - {x: -3.1399999, y: -3.47}
      - {x: -3.47, y: -3.1399999}
      - {x: -3.47, y: -3.1299999}
      - {x: -3.72, y: -2.83}
      - {x: -3.74, y: -2.79}
      - {x: -3.8899999, y: -2.59}
      - {x: -3.9599998, y: -2.47}
      - {x: -4.02, y: -2.37}
      - {x: -4.06, y: -2.3}
      - {x: -4.13, y: -2.1699998}
      - {x: -4.23, y: -2}
      - {x: -4.23, y: -1.9799999}
      - {x: -4.31, y: -1.8}
      - {x: -4.38, y: -1.62}
      - {x: -4.45, y: -1.42}
      - {x: -4.47, y: -1.35}
      - {x: -4.52, y: -1.17}
      - {x: -4.58, y: -0.84999996}
      - {x: -4.6, y: -0.72999996}
      - {x: -4.63, y: -0.59999996}
      - {x: -4.64, y: -0.51}
      - {x: -4.65, y: -0.41}
      - {x: -4.66, y: -0.26999998}
      - {x: -4.67, y: -0.26}
      - {x: -4.67, y: 0.26}
      - {x: -4.66, y: 0.26999998}
      - {x: -4.65, y: 0.41}
      - {x: -4.63, y: 0.59999996}
      - {x: -4.61, y: 0.74}
      - {x: -4.56, y: 1.01}
      - {x: -4.49, y: 1.29}
      - {x: -4.38, y: 1.62}
      - {x: -4.31, y: 1.8}
      - {x: -4.23, y: 1.9799999}
      - {x: -4.14, y: 2.1699998}
      - {x: -4.12, y: 2.19}
      - {x: -3.99, y: 2.4199998}
      - {x: -3.87, y: 2.61}
      - {x: -3.82, y: 2.6799998}
      - {x: -3.74, y: 2.79}
      - {x: -3.54, y: 3.05}
      - {x: -3.47, y: 3.1299999}
      - {x: -3.47, y: 3.1399999}
      - {x: -3.1399999, y: 3.47}
      - {x: -3.1299999, y: 3.47}
      - {x: -2.98, y: 3.6}
      - {x: -2.75, y: 3.77}
      - {x: -2.59, y: 3.8899999}
      - {x: -2.47, y: 3.9599998}
      - {x: -2.37, y: 4.02}
      - {x: -2.19, y: 4.12}
      - {x: -2.02, y: 4.22}
      - {x: -2, y: 4.22}
      - {x: -1.8, y: 4.31}
      - {x: -1.75, y: 4.33}
      - {x: -1.62, y: 4.38}
      - {x: -1.35, y: 4.47}
      - {x: -1.17, y: 4.52}
      - {x: -0.84999996, y: 4.58}
      - {x: -0.72999996, y: 4.6}
      - {x: -0.59999996, y: 4.63}
      - {x: -0.51, y: 4.64}
      - {x: -0.41, y: 4.65}
      - {x: -0.26999998, y: 4.66}
      - {x: -0.26, y: 4.67}
      - {x: 0.26, y: 4.67}
      - {x: 0.26999998, y: 4.66}
      - {x: 0.41, y: 4.65}
      - {x: 0.59999996, y: 4.63}
      - {x: 0.74, y: 4.61}
      - {x: 1.01, y: 4.56}
      - {x: 1.29, y: 4.49}
      - {x: 1.62, y: 4.38}
      - {x: 1.8, y: 4.31}
      - {x: 1.9799999, y: 4.23}
      - {x: 2.1699998, y: 4.14}
      - {x: 2.19, y: 4.12}
      - {x: 2.4199998, y: 3.99}
      - {x: 2.75, y: 3.77}
      - {x: 2.98, y: 3.6}
      - {x: 3.1299999, y: 3.47}
      - {x: 3.1399999, y: 3.47}
      - {x: 3.47, y: 3.1399999}
      - {x: 3.47, y: 3.1299999}
      - {x: 3.72, y: 2.83}
      - {x: 3.74, y: 2.79}
      - {x: 3.84, y: 2.6499999}
      - {x: 3.9499998, y: 2.5}
      - {x: 3.9599998, y: 2.47}
      - {x: 4.06, y: 2.3}
      - {x: 4.13, y: 2.1699998}
      - {x: 4.23, y: 2}
      - {x: 4.23, y: 1.9799999}
      - {x: 4.31, y: 1.8}
      - {x: 4.38, y: 1.61}
      - {x: 4.46, y: 1.3399999}
      - {x: 4.52, y: 1.17}
      - {x: 4.58, y: 0.84999996}
      - {x: 4.6, y: 0.72999996}
      - {x: 4.63, y: 0.59999996}
      - {x: 4.64, y: 0.51}
      - {x: 4.65, y: 0.41}
      - {x: 4.66, y: 0.26999998}
      - {x: 4.67, y: 0.26}
      - {x: 4.67, y: -0.26}
      - {x: 4.66, y: -0.26999998}
      - {x: 4.65, y: -0.41}
      - {x: 4.63, y: -0.59999996}
      - {x: 4.61, y: -0.74}
      - {x: 4.56, y: -1.01}
      - {x: 4.49, y: -1.29}
      - {x: 4.39, y: -1.5899999}
      - {x: 4.35, y: -1.6999999}
      - {x: 4.31, y: -1.8}
      - {x: 4.23, y: -1.9799999}
      - {x: 4.23, y: -2}
      - {x: 4.13, y: -2.1699998}
      - {x: 4.06, y: -2.3}
      - {x: 3.9299998, y: -2.52}
      - {x: 3.82, y: -2.6799998}
      - {x: 3.74, y: -2.79}
      - {x: 3.54, y: -3.05}
      - {x: 3.47, y: -3.1299999}
      - {x: 3.47, y: -3.1399999}
      - {x: 3.1399999, y: -3.47}
      - {x: 3.1299999, y: -3.47}
      - {x: 2.98, y: -3.6}
      - {x: 2.75, y: -3.77}
      - {x: 2.59, y: -3.8899999}
      - {x: 2.37, y: -4.02}
      - {x: 2.19, y: -4.12}
      - {x: 2.1699998, y: -4.14}
      - {x: 1.9799999, y: -4.23}
      - {x: 1.8, y: -4.31}
      - {x: 1.62, y: -4.38}
      - {x: 1.3199999, y: -4.48}
      - {x: 1.17, y: -4.52}
      - {x: 0.84999996, y: -4.58}
      - {x: 0.72999996, y: -4.6}
      - {x: 0.59999996, y: -4.63}
      - {x: 0.51, y: -4.64}
      - {x: 0.41, y: -4.65}
      - {x: 0.26999998, y: -4.66}
      - {x: 0.26, y: -4.67}
      - {x: -0.26, y: -4.67}
      - {x: -0.26999998, y: -4.66}
--- !u!114 &1029072951
MonoBehaviour:
  m_ObjectHideFlags: 0
  m_PrefabParentObject: {fileID: 114297914021882462, guid: 49917896b744c584e887111c41eb678d,
    type: 2}
  m_PrefabInternal: {fileID: 1967582816}
  m_GameObject: {fileID: 1029072947}
  m_Enabled: 1
  m_EditorHideFlags: 0
  m_Script: {fileID: 11500000, guid: 01b0989538c298b4dba7e08026ce8c2c, type: 3}
  m_Name: 
  m_EditorClassIdentifier: 
  sprites: []
  shrinkScale: 0.9
  radius: 0
--- !u!212 &1029072952
SpriteRenderer:
  m_ObjectHideFlags: 0
  m_PrefabParentObject: {fileID: 212319194478442098, guid: 49917896b744c584e887111c41eb678d,
    type: 2}
  m_PrefabInternal: {fileID: 1967582816}
  m_GameObject: {fileID: 1029072947}
  m_Enabled: 1
  m_CastShadows: 0
  m_ReceiveShadows: 0
  m_MotionVectors: 1
  m_LightProbeUsage: 1
  m_ReflectionProbeUsage: 1
  m_Materials:
  - {fileID: 10754, guid: 0000000000000000f000000000000000, type: 0}
  m_StaticBatchInfo:
    firstSubMesh: 0
    subMeshCount: 0
  m_StaticBatchRoot: {fileID: 0}
  m_ProbeAnchor: {fileID: 0}
  m_LightProbeVolumeOverride: {fileID: 0}
  m_ScaleInLightmap: 1
  m_PreserveUVs: 0
  m_IgnoreNormalsForChartDetection: 0
  m_ImportantGI: 0
  m_SelectedEditorRenderState: 0
  m_MinimumChartSize: 4
  m_AutoUVMaxDistance: 0.5
  m_AutoUVMaxAngle: 89
  m_LightmapParameters: {fileID: 0}
  m_SortingLayerID: 612347639
  m_SortingLayer: 2
  m_SortingOrder: 0
  m_Sprite: {fileID: 21300000, guid: 94aec77129585ca4386257938a9a4f75, type: 3}
  m_Color: {r: 1, g: 1, b: 1, a: 1}
  m_FlipX: 0
  m_FlipY: 0
  m_DrawMode: 0
  m_Size: {x: 8, y: 8}
  m_AdaptiveModeThreshold: 0.5
  m_SpriteTileMode: 0
  m_WasSpriteAssigned: 1
  m_MaskInteraction: 0
--- !u!1 &1226892767
GameObject:
  m_ObjectHideFlags: 0
  m_PrefabParentObject: {fileID: 0}
  m_PrefabInternal: {fileID: 0}
  serializedVersion: 5
  m_Component:
  - component: {fileID: 1226892768}
  - component: {fileID: 1226892771}
  - component: {fileID: 1226892770}
  - component: {fileID: 1226892769}
  m_Layer: 0
  m_Name: Canvas
  m_TagString: Untagged
  m_Icon: {fileID: 0}
  m_NavMeshLayer: 0
  m_StaticEditorFlags: 0
  m_IsActive: 1
--- !u!224 &1226892768
RectTransform:
  m_ObjectHideFlags: 0
  m_PrefabParentObject: {fileID: 0}
  m_PrefabInternal: {fileID: 0}
  m_GameObject: {fileID: 1226892767}
  m_LocalRotation: {x: 0, y: 0, z: 0, w: 1}
  m_LocalPosition: {x: 0, y: 0, z: 0}
  m_LocalScale: {x: 0, y: 0, z: 0}
  m_Children:
  - {fileID: 1673560665}
  - {fileID: 554668194}
  - {fileID: 1631144160}
  - {fileID: 1667682297}
  - {fileID: 290447019}
  - {fileID: 1026754396}
  - {fileID: 962995076}
  m_Father: {fileID: 0}
  m_RootOrder: 0
  m_LocalEulerAnglesHint: {x: 0, y: 0, z: 0}
  m_AnchorMin: {x: 0, y: 0}
  m_AnchorMax: {x: 0, y: 0}
  m_AnchoredPosition: {x: 0, y: 0}
  m_SizeDelta: {x: 0, y: 0}
  m_Pivot: {x: 0, y: 0}
--- !u!114 &1226892769
MonoBehaviour:
  m_ObjectHideFlags: 0
  m_PrefabParentObject: {fileID: 0}
  m_PrefabInternal: {fileID: 0}
  m_GameObject: {fileID: 1226892767}
  m_Enabled: 1
  m_EditorHideFlags: 0
  m_Script: {fileID: 1301386320, guid: f70555f144d8491a825f0804e09c671c, type: 3}
  m_Name: 
  m_EditorClassIdentifier: 
  m_IgnoreReversedGraphics: 1
  m_BlockingObjects: 0
  m_BlockingMask:
    serializedVersion: 2
    m_Bits: 4294967295
--- !u!114 &1226892770
MonoBehaviour:
  m_ObjectHideFlags: 0
  m_PrefabParentObject: {fileID: 0}
  m_PrefabInternal: {fileID: 0}
  m_GameObject: {fileID: 1226892767}
  m_Enabled: 1
  m_EditorHideFlags: 0
  m_Script: {fileID: 1980459831, guid: f70555f144d8491a825f0804e09c671c, type: 3}
  m_Name: 
  m_EditorClassIdentifier: 
  m_UiScaleMode: 1
  m_ReferencePixelsPerUnit: 100
  m_ScaleFactor: 1
  m_ReferenceResolution: {x: 800, y: 600}
  m_ScreenMatchMode: 0
  m_MatchWidthOrHeight: 0
  m_PhysicalUnit: 3
  m_FallbackScreenDPI: 96
  m_DefaultSpriteDPI: 96
  m_DynamicPixelsPerUnit: 1
--- !u!223 &1226892771
Canvas:
  m_ObjectHideFlags: 0
  m_PrefabParentObject: {fileID: 0}
  m_PrefabInternal: {fileID: 0}
  m_GameObject: {fileID: 1226892767}
  m_Enabled: 1
  serializedVersion: 3
  m_RenderMode: 1
  m_Camera: {fileID: 158343878}
  m_PlaneDistance: 100
  m_PixelPerfect: 0
  m_ReceivesEvents: 1
  m_OverrideSorting: 0
  m_OverridePixelPerfect: 0
  m_SortingBucketNormalizedSize: 0
  m_AdditionalShaderChannelsFlag: 0
  m_SortingLayerID: 612347639
  m_SortingOrder: 3
  m_TargetDisplay: 0
--- !u!1 &1239632820
GameObject:
  m_ObjectHideFlags: 0
  m_PrefabParentObject: {fileID: 0}
  m_PrefabInternal: {fileID: 0}
  serializedVersion: 5
  m_Component:
  - component: {fileID: 1239632821}
  m_Layer: 0
  m_Name: Wall
  m_TagString: Untagged
  m_Icon: {fileID: 0}
  m_NavMeshLayer: 0
  m_StaticEditorFlags: 0
  m_IsActive: 0
--- !u!4 &1239632821
Transform:
  m_ObjectHideFlags: 0
  m_PrefabParentObject: {fileID: 0}
  m_PrefabInternal: {fileID: 0}
  m_GameObject: {fileID: 1239632820}
  m_LocalRotation: {x: -0, y: -0, z: -0, w: 1}
  m_LocalPosition: {x: 0, y: 0, z: 10}
  m_LocalScale: {x: 1, y: 1, z: 1}
  m_Children:
  - {fileID: 77041168}
  - {fileID: 1458127307}
  - {fileID: 994963996}
  - {fileID: 1450528611}
  m_Father: {fileID: 88230107}
  m_RootOrder: 2
  m_LocalEulerAnglesHint: {x: 0, y: 0, z: 0}
--- !u!1 &1382062160
GameObject:
  m_ObjectHideFlags: 0
  m_PrefabParentObject: {fileID: 0}
  m_PrefabInternal: {fileID: 0}
  serializedVersion: 5
  m_Component:
  - component: {fileID: 1382062163}
  - component: {fileID: 1382062162}
  - component: {fileID: 1382062161}
  m_Layer: 0
  m_Name: EventSystem
  m_TagString: Untagged
  m_Icon: {fileID: 0}
  m_NavMeshLayer: 0
  m_StaticEditorFlags: 0
  m_IsActive: 1
--- !u!114 &1382062161
MonoBehaviour:
  m_ObjectHideFlags: 0
  m_PrefabParentObject: {fileID: 0}
  m_PrefabInternal: {fileID: 0}
  m_GameObject: {fileID: 1382062160}
  m_Enabled: 1
  m_EditorHideFlags: 0
  m_Script: {fileID: 1077351063, guid: f70555f144d8491a825f0804e09c671c, type: 3}
  m_Name: 
  m_EditorClassIdentifier: 
  m_HorizontalAxis: Horizontal
  m_VerticalAxis: Vertical
  m_SubmitButton: Submit
  m_CancelButton: Cancel
  m_InputActionsPerSecond: 10
  m_RepeatDelay: 0.5
  m_ForceModuleActive: 0
--- !u!114 &1382062162
MonoBehaviour:
  m_ObjectHideFlags: 0
  m_PrefabParentObject: {fileID: 0}
  m_PrefabInternal: {fileID: 0}
  m_GameObject: {fileID: 1382062160}
  m_Enabled: 1
  m_EditorHideFlags: 0
  m_Script: {fileID: -619905303, guid: f70555f144d8491a825f0804e09c671c, type: 3}
  m_Name: 
  m_EditorClassIdentifier: 
  m_FirstSelected: {fileID: 0}
  m_sendNavigationEvents: 1
  m_DragThreshold: 5
--- !u!4 &1382062163
Transform:
  m_ObjectHideFlags: 0
  m_PrefabParentObject: {fileID: 0}
  m_PrefabInternal: {fileID: 0}
  m_GameObject: {fileID: 1382062160}
  m_LocalRotation: {x: 0, y: 0, z: 0, w: 1}
  m_LocalPosition: {x: 0, y: 0, z: 0}
  m_LocalScale: {x: 1, y: 1, z: 1}
  m_Children: []
  m_Father: {fileID: 0}
  m_RootOrder: 4
  m_LocalEulerAnglesHint: {x: 0, y: 0, z: 0}
--- !u!1 &1450528610
GameObject:
  m_ObjectHideFlags: 0
  m_PrefabParentObject: {fileID: 1377362538691566, guid: 38c0f840d1b37e049872bf70a667544f,
    type: 2}
  m_PrefabInternal: {fileID: 0}
  serializedVersion: 5
  m_Component:
  - component: {fileID: 1450528611}
  - component: {fileID: 1450528614}
  - component: {fileID: 1450528613}
  - component: {fileID: 1450528612}
  - component: {fileID: 1450528615}
  m_Layer: 0
  m_Name: Wall3
  m_TagString: Wall
  m_Icon: {fileID: 0}
  m_NavMeshLayer: 0
  m_StaticEditorFlags: 0
  m_IsActive: 1
--- !u!4 &1450528611
Transform:
  m_ObjectHideFlags: 0
  m_PrefabParentObject: {fileID: 4797807457458140, guid: 38c0f840d1b37e049872bf70a667544f,
    type: 2}
  m_PrefabInternal: {fileID: 0}
  m_GameObject: {fileID: 1450528610}
  m_LocalRotation: {x: -0, y: -0, z: 0.7071068, w: 0.7071068}
  m_LocalPosition: {x: -2.49, y: -0.61, z: 0}
  m_LocalScale: {x: 1.4, y: 0.5, z: 1}
  m_Children: []
  m_Father: {fileID: 1239632821}
  m_RootOrder: 3
  m_LocalEulerAnglesHint: {x: 0, y: 0, z: 90}
--- !u!61 &1450528612
BoxCollider2D:
  m_ObjectHideFlags: 0
  m_PrefabParentObject: {fileID: 0}
  m_PrefabInternal: {fileID: 0}
  m_GameObject: {fileID: 1450528610}
  m_Enabled: 1
  m_Density: 1
  m_Material: {fileID: 0}
  m_IsTrigger: 0
  m_UsedByEffector: 0
  m_UsedByComposite: 0
  m_Offset: {x: 0.011340976, y: -0.011841655}
  m_SpriteTilingProperty:
    border: {x: 0, y: 0, z: 0, w: 0}
    pivot: {x: 0.5, y: 0.5}
    oldSize: {x: 7.55, y: 0.81}
    newSize: {x: 7.55, y: 0.81}
    adaptiveTilingThreshold: 0.5
    drawMode: 0
    adaptiveTiling: 0
  m_AutoTiling: 0
  serializedVersion: 2
  m_Size: {x: 7.2105675, y: 0.42952293}
  m_EdgeRadius: 0
--- !u!50 &1450528613
Rigidbody2D:
  serializedVersion: 4
  m_ObjectHideFlags: 0
  m_PrefabParentObject: {fileID: 50226547224631280, guid: 38c0f840d1b37e049872bf70a667544f,
    type: 2}
  m_PrefabInternal: {fileID: 0}
  m_GameObject: {fileID: 1450528610}
  m_BodyType: 0
  m_Simulated: 1
  m_UseFullKinematicContacts: 0
  m_UseAutoMass: 0
  m_Mass: 9999
  m_LinearDrag: 0
  m_AngularDrag: 0.05
  m_GravityScale: 0
  m_Material: {fileID: 0}
  m_Interpolate: 0
  m_SleepingMode: 1
  m_CollisionDetection: 0
  m_Constraints: 0
--- !u!212 &1450528614
SpriteRenderer:
  m_ObjectHideFlags: 0
  m_PrefabParentObject: {fileID: 212611845886767190, guid: 38c0f840d1b37e049872bf70a667544f,
    type: 2}
  m_PrefabInternal: {fileID: 0}
  m_GameObject: {fileID: 1450528610}
  m_Enabled: 1
  m_CastShadows: 0
  m_ReceiveShadows: 0
  m_MotionVectors: 1
  m_LightProbeUsage: 1
  m_ReflectionProbeUsage: 1
  m_Materials:
  - {fileID: 10754, guid: 0000000000000000f000000000000000, type: 0}
  m_StaticBatchInfo:
    firstSubMesh: 0
    subMeshCount: 0
  m_StaticBatchRoot: {fileID: 0}
  m_ProbeAnchor: {fileID: 0}
  m_LightProbeVolumeOverride: {fileID: 0}
  m_ScaleInLightmap: 1
  m_PreserveUVs: 0
  m_IgnoreNormalsForChartDetection: 0
  m_ImportantGI: 0
  m_SelectedEditorRenderState: 0
  m_MinimumChartSize: 4
  m_AutoUVMaxDistance: 0.5
  m_AutoUVMaxAngle: 89
  m_LightmapParameters: {fileID: 0}
  m_SortingLayerID: -584505177
  m_SortingLayer: 1
  m_SortingOrder: 0
  m_Sprite: {fileID: 21300000, guid: e4b17492dfe2b314ba02eafc7607d2a6, type: 3}
  m_Color: {r: 1, g: 1, b: 1, a: 1}
  m_FlipX: 0
  m_FlipY: 0
  m_DrawMode: 0
  m_Size: {x: 7.55, y: 0.81}
  m_AdaptiveModeThreshold: 0.5
  m_SpriteTileMode: 0
  m_WasSpriteAssigned: 1
  m_MaskInteraction: 0
--- !u!114 &1450528615
MonoBehaviour:
  m_ObjectHideFlags: 0
  m_PrefabParentObject: {fileID: 0}
  m_PrefabInternal: {fileID: 0}
  m_GameObject: {fileID: 1450528610}
  m_Enabled: 1
  m_EditorHideFlags: 0
  m_Script: {fileID: 11500000, guid: 01b0989538c298b4dba7e08026ce8c2c, type: 3}
  m_Name: 
  m_EditorClassIdentifier: 
  sprites:
  - {fileID: 21300000, guid: e4b17492dfe2b314ba02eafc7607d2a6, type: 3}
  - {fileID: 21300000, guid: 3215a2391e3868448b8ac31daa987ef4, type: 3}
  shrinkScale: 0
  radius: 0
--- !u!1 &1458127306
GameObject:
  m_ObjectHideFlags: 0
  m_PrefabParentObject: {fileID: 1255542827755064, guid: 38c0f840d1b37e049872bf70a667544f,
    type: 2}
  m_PrefabInternal: {fileID: 0}
  serializedVersion: 5
  m_Component:
  - component: {fileID: 1458127307}
  - component: {fileID: 1458127310}
  - component: {fileID: 1458127309}
  - component: {fileID: 1458127308}
  - component: {fileID: 1458127311}
  m_Layer: 0
  m_Name: Wall1
  m_TagString: Wall
  m_Icon: {fileID: 0}
  m_NavMeshLayer: 0
  m_StaticEditorFlags: 0
  m_IsActive: 1
--- !u!4 &1458127307
Transform:
  m_ObjectHideFlags: 0
  m_PrefabParentObject: {fileID: 4675223841911082, guid: 38c0f840d1b37e049872bf70a667544f,
    type: 2}
  m_PrefabInternal: {fileID: 0}
  m_GameObject: {fileID: 1458127306}
  m_LocalRotation: {x: -0, y: -0, z: -0, w: 1}
  m_LocalPosition: {x: 2.9, y: -5.5, z: 0.0000009536743}
  m_LocalScale: {x: 1.46532, y: 0.5, z: 1}
  m_Children: []
  m_Father: {fileID: 1239632821}
  m_RootOrder: 1
  m_LocalEulerAnglesHint: {x: 0, y: 0, z: 0}
--- !u!61 &1458127308
BoxCollider2D:
  m_ObjectHideFlags: 0
  m_PrefabParentObject: {fileID: 0}
  m_PrefabInternal: {fileID: 0}
  m_GameObject: {fileID: 1458127306}
  m_Enabled: 1
  m_Density: 1
  m_Material: {fileID: 0}
  m_IsTrigger: 0
  m_UsedByEffector: 0
  m_UsedByComposite: 0
  m_Offset: {x: 0.013394237, y: -0.0120096505}
  m_SpriteTilingProperty:
    border: {x: 0, y: 0, z: 0, w: 0}
    pivot: {x: 0.5, y: 0.5}
    oldSize: {x: 7.55, y: 0.81}
    newSize: {x: 7.55, y: 0.81}
    adaptiveTilingThreshold: 0.5
    drawMode: 0
    adaptiveTiling: 0
  m_AutoTiling: 0
  serializedVersion: 2
  m_Size: {x: 7.183895, y: 0.42567617}
  m_EdgeRadius: 0
--- !u!50 &1458127309
Rigidbody2D:
  serializedVersion: 4
  m_ObjectHideFlags: 0
  m_PrefabParentObject: {fileID: 50072953145986544, guid: 38c0f840d1b37e049872bf70a667544f,
    type: 2}
  m_PrefabInternal: {fileID: 0}
  m_GameObject: {fileID: 1458127306}
  m_BodyType: 0
  m_Simulated: 1
  m_UseFullKinematicContacts: 0
  m_UseAutoMass: 0
  m_Mass: 9999
  m_LinearDrag: 0
  m_AngularDrag: 0.05
  m_GravityScale: 0
  m_Material: {fileID: 0}
  m_Interpolate: 0
  m_SleepingMode: 1
  m_CollisionDetection: 0
  m_Constraints: 0
--- !u!212 &1458127310
SpriteRenderer:
  m_ObjectHideFlags: 0
  m_PrefabParentObject: {fileID: 212399945978012470, guid: 38c0f840d1b37e049872bf70a667544f,
    type: 2}
  m_PrefabInternal: {fileID: 0}
  m_GameObject: {fileID: 1458127306}
  m_Enabled: 1
  m_CastShadows: 0
  m_ReceiveShadows: 0
  m_MotionVectors: 1
  m_LightProbeUsage: 1
  m_ReflectionProbeUsage: 1
  m_Materials:
  - {fileID: 10754, guid: 0000000000000000f000000000000000, type: 0}
  m_StaticBatchInfo:
    firstSubMesh: 0
    subMeshCount: 0
  m_StaticBatchRoot: {fileID: 0}
  m_ProbeAnchor: {fileID: 0}
  m_LightProbeVolumeOverride: {fileID: 0}
  m_ScaleInLightmap: 1
  m_PreserveUVs: 0
  m_IgnoreNormalsForChartDetection: 0
  m_ImportantGI: 0
  m_SelectedEditorRenderState: 0
  m_MinimumChartSize: 4
  m_AutoUVMaxDistance: 0.5
  m_AutoUVMaxAngle: 89
  m_LightmapParameters: {fileID: 0}
  m_SortingLayerID: -584505177
  m_SortingLayer: 1
  m_SortingOrder: 0
  m_Sprite: {fileID: 21300000, guid: 3215a2391e3868448b8ac31daa987ef4, type: 3}
  m_Color: {r: 1, g: 1, b: 1, a: 1}
  m_FlipX: 0
  m_FlipY: 0
  m_DrawMode: 0
  m_Size: {x: 7.55, y: 0.81}
  m_AdaptiveModeThreshold: 0.5
  m_SpriteTileMode: 0
  m_WasSpriteAssigned: 1
  m_MaskInteraction: 0
--- !u!114 &1458127311
MonoBehaviour:
  m_ObjectHideFlags: 0
  m_PrefabParentObject: {fileID: 0}
  m_PrefabInternal: {fileID: 0}
  m_GameObject: {fileID: 1458127306}
  m_Enabled: 1
  m_EditorHideFlags: 0
  m_Script: {fileID: 11500000, guid: 01b0989538c298b4dba7e08026ce8c2c, type: 3}
  m_Name: 
  m_EditorClassIdentifier: 
  sprites:
  - {fileID: 21300000, guid: 3215a2391e3868448b8ac31daa987ef4, type: 3}
  - {fileID: 21300000, guid: e4b17492dfe2b314ba02eafc7607d2a6, type: 3}
  shrinkScale: 0
  radius: 0
--- !u!1 &1631144159
GameObject:
  m_ObjectHideFlags: 0
  m_PrefabParentObject: {fileID: 0}
  m_PrefabInternal: {fileID: 0}
  serializedVersion: 5
  m_Component:
  - component: {fileID: 1631144160}
  - component: {fileID: 1631144162}
  - component: {fileID: 1631144161}
  m_Layer: 0
  m_Name: Text0
  m_TagString: Untagged
  m_Icon: {fileID: 0}
  m_NavMeshLayer: 0
  m_StaticEditorFlags: 0
  m_IsActive: 1
--- !u!224 &1631144160
RectTransform:
  m_ObjectHideFlags: 0
  m_PrefabParentObject: {fileID: 0}
  m_PrefabInternal: {fileID: 0}
  m_GameObject: {fileID: 1631144159}
  m_LocalRotation: {x: -0, y: -0, z: -0, w: 1}
  m_LocalPosition: {x: 0, y: 0, z: 0}
  m_LocalScale: {x: 1.0001149, y: 1.0001149, z: 1.0001149}
  m_Children: []
  m_Father: {fileID: 1226892768}
  m_RootOrder: 2
  m_LocalEulerAnglesHint: {x: 0, y: 0, z: 0}
  m_AnchorMin: {x: 0.5, y: 0.5}
  m_AnchorMax: {x: 0.5, y: 0.5}
  m_AnchoredPosition: {x: 300, y: 150}
  m_SizeDelta: {x: 200, y: 150}
  m_Pivot: {x: 0.5, y: 0.5}
--- !u!114 &1631144161
MonoBehaviour:
  m_ObjectHideFlags: 0
  m_PrefabParentObject: {fileID: 0}
  m_PrefabInternal: {fileID: 0}
  m_GameObject: {fileID: 1631144159}
  m_Enabled: 1
  m_EditorHideFlags: 0
  m_Script: {fileID: 708705254, guid: f70555f144d8491a825f0804e09c671c, type: 3}
  m_Name: 
  m_EditorClassIdentifier: 
  m_Material: {fileID: 0}
  m_Color: {r: 0.627451, g: 0.627451, b: 0.627451, a: 1}
  m_RaycastTarget: 1
  m_OnCullStateChanged:
    m_PersistentCalls:
      m_Calls: []
    m_TypeName: UnityEngine.UI.MaskableGraphic+CullStateChangedEvent, UnityEngine.UI,
      Version=1.0.0.0, Culture=neutral, PublicKeyToken=null
  m_FontData:
    m_Font: {fileID: 12800000, guid: 9df440f52d887b34fbfd877649b4bf3c, type: 3}
    m_FontSize: 70
    m_FontStyle: 0
    m_BestFit: 0
    m_MinSize: 0
    m_MaxSize: 300
    m_Alignment: 4
    m_AlignByGeometry: 0
    m_RichText: 1
    m_HorizontalOverflow: 0
    m_VerticalOverflow: 0
    m_LineSpacing: 1
  m_Text: SCORE
--- !u!222 &1631144162
CanvasRenderer:
  m_ObjectHideFlags: 0
  m_PrefabParentObject: {fileID: 0}
  m_PrefabInternal: {fileID: 0}
  m_GameObject: {fileID: 1631144159}
--- !u!1 &1667682296
GameObject:
  m_ObjectHideFlags: 0
  m_PrefabParentObject: {fileID: 0}
  m_PrefabInternal: {fileID: 0}
  serializedVersion: 5
  m_Component:
  - component: {fileID: 1667682297}
  - component: {fileID: 1667682299}
  - component: {fileID: 1667682298}
  m_Layer: 0
  m_Name: Timer
  m_TagString: Untagged
  m_Icon: {fileID: 0}
  m_NavMeshLayer: 0
  m_StaticEditorFlags: 0
  m_IsActive: 1
--- !u!224 &1667682297
RectTransform:
  m_ObjectHideFlags: 0
  m_PrefabParentObject: {fileID: 0}
  m_PrefabInternal: {fileID: 0}
  m_GameObject: {fileID: 1667682296}
  m_LocalRotation: {x: 0, y: 0, z: 0.7071068, w: 0.7071068}
  m_LocalPosition: {x: 0, y: 0, z: 0}
  m_LocalScale: {x: 1.0001153, y: 1.0001153, z: 1.0001149}
  m_Children: []
  m_Father: {fileID: 1226892768}
  m_RootOrder: 3
  m_LocalEulerAnglesHint: {x: 0, y: 0, z: 90}
  m_AnchorMin: {x: 0.5, y: 0.5}
  m_AnchorMax: {x: 0.5, y: 0.5}
  m_AnchoredPosition: {x: -300, y: -28.000107}
  m_SizeDelta: {x: 303.7, y: 190.9}
  m_Pivot: {x: 0.5, y: 0.5}
--- !u!114 &1667682298
MonoBehaviour:
  m_ObjectHideFlags: 0
  m_PrefabParentObject: {fileID: 0}
  m_PrefabInternal: {fileID: 0}
  m_GameObject: {fileID: 1667682296}
  m_Enabled: 1
  m_EditorHideFlags: 0
  m_Script: {fileID: 708705254, guid: f70555f144d8491a825f0804e09c671c, type: 3}
  m_Name: 
  m_EditorClassIdentifier: 
  m_Material: {fileID: 0}
  m_Color: {r: 0.75686276, g: 0.80784315, b: 0.8117647, a: 1}
  m_RaycastTarget: 1
  m_OnCullStateChanged:
    m_PersistentCalls:
      m_Calls: []
    m_TypeName: UnityEngine.UI.MaskableGraphic+CullStateChangedEvent, UnityEngine.UI,
      Version=1.0.0.0, Culture=neutral, PublicKeyToken=null
  m_FontData:
    m_Font: {fileID: 12800000, guid: 34bf8434721de6740a8c07ad1a404c78, type: 3}
    m_FontSize: 150
    m_FontStyle: 1
    m_BestFit: 0
    m_MinSize: 0
    m_MaxSize: 300
    m_Alignment: 3
    m_AlignByGeometry: 1
    m_RichText: 0
    m_HorizontalOverflow: 1
    m_VerticalOverflow: 0
    m_LineSpacing: 0.6
  m_Text: 90
--- !u!222 &1667682299
CanvasRenderer:
  m_ObjectHideFlags: 0
  m_PrefabParentObject: {fileID: 0}
  m_PrefabInternal: {fileID: 0}
  m_GameObject: {fileID: 1667682296}
--- !u!1 &1673560664
GameObject:
  m_ObjectHideFlags: 0
  m_PrefabParentObject: {fileID: 0}
  m_PrefabInternal: {fileID: 0}
  serializedVersion: 5
  m_Component:
  - component: {fileID: 1673560665}
  - component: {fileID: 1673560667}
  - component: {fileID: 1673560666}
  m_Layer: 0
  m_Name: Score
  m_TagString: Untagged
  m_Icon: {fileID: 0}
  m_NavMeshLayer: 0
  m_StaticEditorFlags: 0
  m_IsActive: 1
--- !u!224 &1673560665
RectTransform:
  m_ObjectHideFlags: 0
  m_PrefabParentObject: {fileID: 0}
  m_PrefabInternal: {fileID: 0}
  m_GameObject: {fileID: 1673560664}
  m_LocalRotation: {x: 0, y: 0, z: -0.7071068, w: 0.7071068}
  m_LocalPosition: {x: 0, y: 0, z: 0}
  m_LocalScale: {x: 1, y: 1, z: 1}
  m_Children: []
  m_Father: {fileID: 1226892768}
  m_RootOrder: 0
  m_LocalEulerAnglesHint: {x: 0, y: 0, z: -90}
  m_AnchorMin: {x: 0.5, y: 0.5}
  m_AnchorMax: {x: 0.5, y: 0.5}
  m_AnchoredPosition: {x: 300, y: -28}
  m_SizeDelta: {x: 303.7, y: 190.9}
  m_Pivot: {x: 0.5, y: 0.5}
--- !u!114 &1673560666
MonoBehaviour:
  m_ObjectHideFlags: 0
  m_PrefabParentObject: {fileID: 0}
  m_PrefabInternal: {fileID: 0}
  m_GameObject: {fileID: 1673560664}
  m_Enabled: 1
  m_EditorHideFlags: 0
  m_Script: {fileID: 708705254, guid: f70555f144d8491a825f0804e09c671c, type: 3}
  m_Name: 
  m_EditorClassIdentifier: 
  m_Material: {fileID: 0}
  m_Color: {r: 0.99215686, g: 0.62352943, b: 0.3764706, a: 1}
  m_RaycastTarget: 1
  m_OnCullStateChanged:
    m_PersistentCalls:
      m_Calls: []
    m_TypeName: UnityEngine.UI.MaskableGraphic+CullStateChangedEvent, UnityEngine.UI,
      Version=1.0.0.0, Culture=neutral, PublicKeyToken=null
  m_FontData:
    m_Font: {fileID: 12800000, guid: 34bf8434721de6740a8c07ad1a404c78, type: 3}
    m_FontSize: 150
    m_FontStyle: 1
    m_BestFit: 0
    m_MinSize: 0
    m_MaxSize: 300
    m_Alignment: 5
    m_AlignByGeometry: 1
    m_RichText: 0
    m_HorizontalOverflow: 1
    m_VerticalOverflow: 0
    m_LineSpacing: 0.6
  m_Text: 200
--- !u!222 &1673560667
CanvasRenderer:
  m_ObjectHideFlags: 0
  m_PrefabParentObject: {fileID: 0}
  m_PrefabInternal: {fileID: 0}
  m_GameObject: {fileID: 1673560664}
--- !u!1 &1962892893
GameObject:
  m_ObjectHideFlags: 0
  m_PrefabParentObject: {fileID: 0}
  m_PrefabInternal: {fileID: 0}
  serializedVersion: 5
  m_Component:
  - component: {fileID: 1962892895}
  - component: {fileID: 1962892894}
  - component: {fileID: 1962892896}
  - component: {fileID: 1962892897}
  - component: {fileID: 1962892898}
  m_Layer: 0
  m_Name: Player
  m_TagString: Untagged
  m_Icon: {fileID: 0}
  m_NavMeshLayer: 0
  m_StaticEditorFlags: 0
  m_IsActive: 1
--- !u!212 &1962892894
SpriteRenderer:
  m_ObjectHideFlags: 0
  m_PrefabParentObject: {fileID: 0}
  m_PrefabInternal: {fileID: 0}
  m_GameObject: {fileID: 1962892893}
  m_Enabled: 1
  m_CastShadows: 0
  m_ReceiveShadows: 0
  m_MotionVectors: 1
  m_LightProbeUsage: 1
  m_ReflectionProbeUsage: 1
  m_Materials:
  - {fileID: 10754, guid: 0000000000000000f000000000000000, type: 0}
  m_StaticBatchInfo:
    firstSubMesh: 0
    subMeshCount: 0
  m_StaticBatchRoot: {fileID: 0}
  m_ProbeAnchor: {fileID: 0}
  m_LightProbeVolumeOverride: {fileID: 0}
  m_ScaleInLightmap: 1
  m_PreserveUVs: 0
  m_IgnoreNormalsForChartDetection: 0
  m_ImportantGI: 0
  m_SelectedEditorRenderState: 0
  m_MinimumChartSize: 4
  m_AutoUVMaxDistance: 0.5
  m_AutoUVMaxAngle: 89
  m_LightmapParameters: {fileID: 0}
  m_SortingLayerID: 612347639
  m_SortingLayer: 2
  m_SortingOrder: 1
  m_Sprite: {fileID: 21300000, guid: 37ed2aacad8f6764fa862e76579d2840, type: 3}
  m_Color: {r: 1, g: 1, b: 1, a: 1}
  m_FlipX: 0
  m_FlipY: 0
  m_DrawMode: 0
  m_Size: {x: 0.9, y: 0.9}
  m_AdaptiveModeThreshold: 0.5
  m_SpriteTileMode: 0
  m_WasSpriteAssigned: 1
  m_MaskInteraction: 0
--- !u!4 &1962892895
Transform:
  m_ObjectHideFlags: 0
  m_PrefabParentObject: {fileID: 0}
  m_PrefabInternal: {fileID: 0}
  m_GameObject: {fileID: 1962892893}
  m_LocalRotation: {x: -0, y: -0, z: -0, w: 1}
  m_LocalPosition: {x: 0, y: 0, z: 0}
  m_LocalScale: {x: 1.1, y: 1.1, z: 1.1}
  m_Children: []
  m_Father: {fileID: 144746980}
  m_RootOrder: 0
  m_LocalEulerAnglesHint: {x: 0, y: 0, z: 0}
--- !u!114 &1962892896
MonoBehaviour:
  m_ObjectHideFlags: 0
  m_PrefabParentObject: {fileID: 0}
  m_PrefabInternal: {fileID: 0}
  m_GameObject: {fileID: 1962892893}
  m_Enabled: 1
  m_EditorHideFlags: 0
  m_Script: {fileID: 11500000, guid: f437c96c3b115e14aad7d3866ae238d1, type: 3}
  m_Name: 
  m_EditorClassIdentifier: 
--- !u!60 &1962892897
PolygonCollider2D:
  m_ObjectHideFlags: 0
  m_PrefabParentObject: {fileID: 0}
  m_PrefabInternal: {fileID: 0}
  m_GameObject: {fileID: 1962892893}
  m_Enabled: 1
  m_Density: 1
  m_Material: {fileID: 6200000, guid: 54903bdeb9da8474e8f45e0ba80836e6, type: 2}
  m_IsTrigger: 0
  m_UsedByEffector: 0
  m_UsedByComposite: 0
  m_Offset: {x: 0, y: 0}
  m_SpriteTilingProperty:
    border: {x: 0, y: 0, z: 0, w: 0}
    pivot: {x: 0.5, y: 0.5}
    oldSize: {x: 0.9, y: 0.9}
    newSize: {x: 0.9, y: 0.9}
    adaptiveTilingThreshold: 0.5
    drawMode: 0
    adaptiveTiling: 0
  m_AutoTiling: 0
  m_Points:
    m_Paths:
    - - {x: -0.35858515, y: 0.25270635}
      - {x: -0.41252482, y: 0.12616098}
      - {x: -0.428852, y: 0.011620853}
      - {x: -0.3282199, y: 0.011808674}
      - {x: -0.31473878, y: 0.10573954}
      - {x: -0.25103664, y: 0.21574983}
      - {x: -0.16679381, y: 0.2888925}
      - {x: -0.075611144, y: 0.32381615}
      - {x: 0.007938942, y: 0.32643306}
      - {x: 0.10862841, y: 0.31643796}
      - {x: 0.18516475, y: 0.27640313}
      - {x: 0.28245953, y: 0.19202323}
      - {x: 0.32814172, y: 0.09907857}
      - {x: 0.33102039, y: 0.017434128}
      - {x: 0.42097837, y: 0.0135134}
      - {x: 0.4062168, y: 0.12503561}
      - {x: 0.3545805, y: 0.23685753}
      - {x: 0.25850073, y: 0.34454522}
      - {x: 0.1475562, y: 0.40788943}
      - {x: 0.017175145, y: 0.4355275}
      - {x: -0.13902043, y: 0.41226983}
      - {x: -0.26269266, y: 0.3508021}
--- !u!50 &1962892898
Rigidbody2D:
  serializedVersion: 4
  m_ObjectHideFlags: 0
  m_PrefabParentObject: {fileID: 0}
  m_PrefabInternal: {fileID: 0}
  m_GameObject: {fileID: 1962892893}
  m_BodyType: 0
  m_Simulated: 1
  m_UseFullKinematicContacts: 0
  m_UseAutoMass: 0
  m_Mass: 999999
  m_LinearDrag: 0
  m_AngularDrag: 0.05
  m_GravityScale: 0
  m_Material: {fileID: 6200000, guid: 54903bdeb9da8474e8f45e0ba80836e6, type: 2}
  m_Interpolate: 0
  m_SleepingMode: 1
  m_CollisionDetection: 0
  m_Constraints: 0
--- !u!1001 &1967582816
Prefab:
  m_ObjectHideFlags: 0
  serializedVersion: 2
  m_Modification:
    m_TransformParent: {fileID: 989954265}
    m_Modifications:
    - target: {fileID: 4137280132278556, guid: 49917896b744c584e887111c41eb678d, type: 2}
      propertyPath: m_LocalPosition.x
      value: 0
      objectReference: {fileID: 0}
    - target: {fileID: 4137280132278556, guid: 49917896b744c584e887111c41eb678d, type: 2}
      propertyPath: m_LocalPosition.y
      value: 0
      objectReference: {fileID: 0}
    - target: {fileID: 4137280132278556, guid: 49917896b744c584e887111c41eb678d, type: 2}
      propertyPath: m_LocalPosition.z
      value: 0
      objectReference: {fileID: 0}
    - target: {fileID: 4137280132278556, guid: 49917896b744c584e887111c41eb678d, type: 2}
      propertyPath: m_LocalRotation.x
      value: -0
      objectReference: {fileID: 0}
    - target: {fileID: 4137280132278556, guid: 49917896b744c584e887111c41eb678d, type: 2}
      propertyPath: m_LocalRotation.y
      value: -0
      objectReference: {fileID: 0}
    - target: {fileID: 4137280132278556, guid: 49917896b744c584e887111c41eb678d, type: 2}
      propertyPath: m_LocalRotation.z
      value: -0
      objectReference: {fileID: 0}
    - target: {fileID: 4137280132278556, guid: 49917896b744c584e887111c41eb678d, type: 2}
      propertyPath: m_LocalRotation.w
      value: 1
      objectReference: {fileID: 0}
    - target: {fileID: 4137280132278556, guid: 49917896b744c584e887111c41eb678d, type: 2}
      propertyPath: m_RootOrder
      value: 0
      objectReference: {fileID: 0}
    - target: {fileID: 4137280132278556, guid: 49917896b744c584e887111c41eb678d, type: 2}
      propertyPath: m_LocalScale.x
      value: 1
      objectReference: {fileID: 0}
    - target: {fileID: 4137280132278556, guid: 49917896b744c584e887111c41eb678d, type: 2}
      propertyPath: m_LocalScale.y
      value: 1
      objectReference: {fileID: 0}
    - target: {fileID: 4137280132278556, guid: 49917896b744c584e887111c41eb678d, type: 2}
      propertyPath: m_LocalScale.z
      value: 1
      objectReference: {fileID: 0}
    m_RemovedComponents: []
  m_ParentPrefab: {fileID: 100100000, guid: 49917896b744c584e887111c41eb678d, type: 2}
  m_RootGameObject: {fileID: 1029072947}
  m_IsPrefabParent: 0
--- !u!1001 &2053214105
Prefab:
  m_ObjectHideFlags: 0
  serializedVersion: 2
  m_Modification:
    m_TransformParent: {fileID: 989954265}
    m_Modifications:
    - target: {fileID: 4156653031269860, guid: 67acd80caf3f67a4da7b4b1c2cd48f04, type: 2}
      propertyPath: m_LocalPosition.x
      value: 0
      objectReference: {fileID: 0}
    - target: {fileID: 4156653031269860, guid: 67acd80caf3f67a4da7b4b1c2cd48f04, type: 2}
      propertyPath: m_LocalPosition.y
      value: 0
      objectReference: {fileID: 0}
    - target: {fileID: 4156653031269860, guid: 67acd80caf3f67a4da7b4b1c2cd48f04, type: 2}
      propertyPath: m_LocalPosition.z
      value: 0
      objectReference: {fileID: 0}
    - target: {fileID: 4156653031269860, guid: 67acd80caf3f67a4da7b4b1c2cd48f04, type: 2}
      propertyPath: m_LocalRotation.x
      value: -0
      objectReference: {fileID: 0}
    - target: {fileID: 4156653031269860, guid: 67acd80caf3f67a4da7b4b1c2cd48f04, type: 2}
      propertyPath: m_LocalRotation.y
      value: -0
      objectReference: {fileID: 0}
    - target: {fileID: 4156653031269860, guid: 67acd80caf3f67a4da7b4b1c2cd48f04, type: 2}
      propertyPath: m_LocalRotation.z
      value: -0
      objectReference: {fileID: 0}
    - target: {fileID: 4156653031269860, guid: 67acd80caf3f67a4da7b4b1c2cd48f04, type: 2}
      propertyPath: m_LocalRotation.w
      value: 1
      objectReference: {fileID: 0}
    - target: {fileID: 4156653031269860, guid: 67acd80caf3f67a4da7b4b1c2cd48f04, type: 2}
      propertyPath: m_RootOrder
      value: 1
      objectReference: {fileID: 0}
    - target: {fileID: 95548875128624722, guid: 67acd80caf3f67a4da7b4b1c2cd48f04,
        type: 2}
      propertyPath: m_Enabled
      value: 1
      objectReference: {fileID: 0}
    - target: {fileID: 95548875128624722, guid: 67acd80caf3f67a4da7b4b1c2cd48f04,
        type: 2}
      propertyPath: m_CullingMode
      value: 0
      objectReference: {fileID: 0}
    - target: {fileID: 1518393494171662, guid: 67acd80caf3f67a4da7b4b1c2cd48f04, type: 2}
      propertyPath: m_IsActive
      value: 0
      objectReference: {fileID: 0}
    m_RemovedComponents: []
  m_ParentPrefab: {fileID: 100100000, guid: 67acd80caf3f67a4da7b4b1c2cd48f04, type: 2}
  m_RootGameObject: {fileID: 443321120}
  m_IsPrefabParent: 0
